1924 3118
952 313 975 349 :2

354 462 561 501 unquam,
605 449 709 502 quod
752 450 898 501 sciam,
936 450 1042 503 apud
1073 450 1260 489 seriores:
1293 451 1461 500 fossam,
1490 460 1567 500 quo

356 551 474 578 sensu
504 538 556 578 V.
588 538 639 578 D.
668 539 741 579 hoc
769 540 1004 579 vocabulum
1031 541 1224 593 accepisse
1246 539 1414 579 videtur.
1438 538 1566 577 Multo

365 630 492 683 magis
532 631 630 670 mihi
669 632 797 684 placet
839 632 1106 683 σταυρώμασι,
1149 632 1258 683 cujus
1295 630 1566 683 compendium

355 712 585 777 (στρώμασι)
627 724 668 762 in
710 723 909 771 στέμμασι
951 723 1156 776 depravari
1193 725 1383 775 potuer1t3
1421 720 1566 773 optime

357 818 490 854 autem
529 815 736 867 indigenae
775 815 958 855 dicuntur
999 816 1118 866 septis
1158 815 1326 853 cinxisse
1363 814 1490 852 lacum
1517 824 1567 850 ne

355 907 442 959 quis
472 906 523 946 ad
550 907 686 947 latices
714 907 926 948 accederet.

411 997 500 1037 Lib.
539 997 572 1037 I.
609 1011 641 1037 c.
675 1000 738 1038 24.
770 997 940 1045 ἐγίνοντό
969 1012 1011 1036 τε
1041 998 1162 1037 οὐδενὶ
1189 997 1321 1047 κόσμῳ
1348 997 1388 1035 αἱ
1416 996 1570 1035 oza-am

354 1087 529 1137 στάσεις,
551 1089 645 1128 ἀλλ’
669 1090 827 1138 ὡσπερεὶ
849 1090 984 1140 οἴστρῳ
1000 1093 1065 1129 καὶ
1082 1089 1327 1139 θεοβλαβείᾳ
1350 1089 1566 1127 ἀπελαυ-

354 1178 580 1227 νομένων.
609 1180 705 1221 Loci
734 1182 928 1221 sententia
957 1182 1131 1234 postulat
1158 1185 1203 1221 ut
1227 1181 1431 1221 molestam
1454 1193 1568 1232 prae-

363 1270 596 1322 positionem
625 1272 755 1311 ultimi
783 1272 893 1311 verbi
922 1285 1216 1324 expungamus3
1245 1271 1348 1310 cives
1372 1271 1475 1309 enim
1488 1283 1567 1308 non

360 1361 492 1400 furore
535 1365 627 1400 sunt
669 1364 850 1414 expulsi,
890 1363 957 1401 sed
994 1364 1124 1401 furore
1151 1363 1230 1401 acti
1257 1362 1450 1401 abierunt.
1479 1361 1567 1398 Tali

353 1454 396 1493 in
437 1467 481 1493 re
525 1454 567 1493 in
608 1467 683 1493 usu
710 1457 769 1493 est
797 1454 861 1493 vel
890 1451 1119 1491 ἐλαύνεσθαι
1149 1453 1232 1492 sine
1260 1451 1564 1505 praepositione,

360 1544 423 1584 vel
452 1542 654 1595 Φέρεσὸαι.
685 1543 778 1583 Jam
808 1543 1031 1596 Stephanus
1059 1542 1109 1582 ad
1132 1542 1234 1582 hanc
1257 1540 1567 1581 emendationem

356 1636 464 1674 viam
491 1635 725 1695 monstravit
754 1648 873 1686 quam
902 1634 1103 1684 Kiessling
1131 1634 1241 1684 sequi
1269 1633 1467 1671 debuerat.

416 1725 610 1766 Observat
656 1728 788 1765 noster
833 1724 939 1775 (Lib.
977 1724 1011 1764 Ι.
1050 1738 1083 1763 c.
1114 1725 1177 1763 27.
1207 1724 1292 1773 fin.)
1321 1723 1566 1762 Herodotum

357 1828 518 1856 narrare
548 1814 799 1869 Tyrrhenum
827 1814 947 1869 Atyis
974 1815 1100 1854 filium
1128 1827 1217 1855 cum
1244 1815 1323 1870 suis
1345 1815 1386 1854 in
1410 1814 1567 1853 Italiam

358 1906 641 1957 commigrasse
671 1911 710 1946 et
743 1904 972 1954 ἱδρύσασθαι
1001 1905 1130 1948 πόλεις
1158 1904 1232 1950 τὰς
1260 1904 1314 1943 ἔτι
1343 1906 1431 1943 κατ’
1455 1904 1568 1942 αὐτὸν

357 1996 550 2037 ἐκεῖνον
592 1996 720 2040 οὔσας.
759 1997 808 2036 In
845 1997 977 2047 hisce,
1004 2000 1048 2036 ut
1080 1997 1178 2036 mihi
1205 1996 1361 2049 quidem
1389 1996 1565 2046 videtur,

357 2099 516 2140 prorsus
561 2099 895 2139 supervacaneum
933 2090 972 2126 et
1012 2087 1219 2126 molestum
1257 2090 1317 2126 est
1355 2098 1568 2138 pronomen

358 2178 493 2217 ἐκεῖνον
536 2182 625 2230 post
667 2178 756 2216 κατ’
785 2177 901 2216 αὐτὸν
929 2182 968 2217 et
997 2191 1116 2230 quam
1143 2178 1313 2229 primum
1339 2189 1567 2229 expungen-

360 2270 465 2309 dum.
504 2269 682 2322 Oonjicio
706 2278 749 2331 'a‘
765 2282 887 2309 manu
914 2268 1095 2321 Dionysii
1121 2269 1339 2321 profectum
1369 2281 1453 2308 esse
1480 2269 1567 2307 κατ’

362 2361 479 2400 αὐτὸν
509 2360 591 2399 ἐκεῖ
617 2359 732 2405 οὖσαι,ι
756 2364 795 2400 et
817 2360 1046 2400 adverbium
1060 2373 1084 2399 a
1099 2360 1226 2399 scriba
1239 2360 1336 2399 alias
1350 2372 1412 2399 res
1427 2363 1568 2411 agente

361 2453 403 2491 in
449 2464 661 2505 pronomen
696 2455 906 2490 mutatum.
946 2450 1086 2490 Obiter
1113 2451 1306 2503 attingam
1334 2450 1567 2503 Dionysium

363 2543 460 2584 satis
499 2543 744 2596 negligenter
771 2542 1036 2595 excerpsisse3
1065 2556 1187 2595 quum
1215 2542 1318 2582 enim
1344 2541 1568 2582 Herodotus
