<?xml version="1.0" encoding="UTF-8"?>
<!DOCTYPE html PUBLIC "-//W3C//DTD XHTML 1.0 Transitional//EN"
    "http://www.w3.org/TR/xhtml1/DTD/xhtml1-transitional.dtd">
<html xmlns="http://www.w3.org/1999/xhtml" xml:lang="en" lang="en">
 <head>
  <title>
</title>
<meta http-equiv="Content-Type" content="text/html;charset=utf-8" />
  <meta name='ocr-system' content='tesseract 3.04.00' />
  <meta name='ocr-capabilities' content='ocr_page ocr_carea ocr_par ocr_line ocrx_word'/>
</head>
<body>
  <div class='ocr_page' id='page_1' title='image "4737901_0045.png"; bbox 0 0 1924 3118; ppageno 0'>
   <div class='ocr_carea' id='block_1_1' title="bbox 902 373 951 411">
    <p class='ocr_par' dir='ltr' id='par_1_1' title="bbox 902 373 951 411">
     <span class='ocr_line' id='line_1_1' title="bbox 902 373 951 411; baseline -0.02 0"><span class='ocrx_word' id='word_1_1' title='bbox 902 373 951 411; x_wconf 89' lang='grc'>29</span> 
     </span>
    </p>
   </div>
   <div class='ocr_carea' id='block_1_2' title="bbox 326 510 1533 2554">
    <p class='ocr_par' dir='ltr' id='par_1_2' title="bbox 326 510 1533 2554">
     <span class='ocr_line' id='line_1_2' title="bbox 328 510 1523 562; baseline 0 -13"><span class='ocrx_word' id='word_1_2' title='bbox 328 511 529 550; x_wconf 85' lang='lat' dir='ltr'>consulum</span> <span class='ocrx_word' id='word_1_3' title='bbox 571 523 696 550; x_wconf 88' lang='lat' dir='ltr'>sermo</span> <span class='ocrx_word' id='word_1_4' title='bbox 736 513 864 562; x_wconf 88' lang='lat' dir='ltr'>potest</span> <span class='ocrx_word' id='word_1_5' title='bbox 903 523 1009 560; x_wconf 75' lang='lat' dir='ltr'>esse,</span> <span class='ocrx_word' id='word_1_6' title='bbox 1049 523 1126 549; x_wconf 90' lang='lat' dir='ltr'>non</span> <span class='ocrx_word' id='word_1_7' title='bbox 1161 522 1253 549; x_wconf 82' lang='lat' dir='ltr'>vero</span> <span class='ocrx_word' id='word_1_8' title='bbox 1281 510 1329 549; x_wconf 89' lang='lat' dir='ltr'>de</span> <span class='ocrx_word' id='word_1_9' title='bbox 1357 514 1523 562; x_wconf 78' lang='lat' dir='ltr'>quatuor</span> 
     </span>
     <span class='ocr_line' id='line_1_3' title="bbox 330 599 1522 652; baseline 0 -13"><span class='ocrx_word' id='word_1_10' title='bbox 330 600 530 639; x_wconf 84' lang='lat' dir='ltr'>dictatoris</span> <span class='ocrx_word' id='word_1_11' title='bbox 572 601 712 652; x_wconf 90' lang='lat' dir='ltr'>quibus</span> <span class='ocrx_word' id='word_1_12' title='bbox 753 600 852 639; x_wconf 90' lang='lat' dir='ltr'><strong>nihil</strong></span> <span class='ocrx_word' id='word_1_13' title='bbox 896 600 953 639; x_wconf 89' lang='lat' dir='ltr'>rei</span> <span class='ocrx_word' id='word_1_14' title='bbox 994 613 1083 639; x_wconf 87' lang='lat' dir='ltr'>cum</span> <span class='ocrx_word' id='word_1_15' title='bbox 1124 600 1346 639; x_wconf 87' lang='lat' dir='ltr'>consulibus</span> <span class='ocrx_word' id='word_1_16' title='bbox 1383 599 1522 640; x_wconf 77' lang='lat' dir='ltr'>fuerat.</span> 
     </span>
     <span class='ocr_line' id='line_1_4' title="bbox 326 690 1524 742; baseline -0.001 -13"><span class='ocrx_word' id='word_1_17' title='bbox 326 691 529 729; x_wconf 82' lang='lat' dir='ltr'><strong>Habemus</strong></span> <span class='ocrx_word' id='word_1_18' title='bbox 556 694 758 742; x_wconf 82' lang='lat' dir='ltr'>praeterea</span> <span class='ocrx_word' id='word_1_19' title='bbox 784 690 1025 728; x_wconf 87' lang='lat' dir='ltr'>luculentum</span> <span class='ocrx_word' id='word_1_20' title='bbox 1054 690 1319 728; x_wconf 87' lang='lat' dir='ltr'>testimonium</span> <span class='ocrx_word' id='word_1_21' title='bbox 1336 690 1409 729; x_wconf 87' lang='lat' dir='ltr'>hoc</span> <span class='ocrx_word' id='word_1_22' title='bbox 1425 695 1524 728; x_wconf 88' lang='lat' dir='ltr'>tem-</span> 
     </span>
     <span class='ocr_line' id='line_1_5' title="bbox 327 779 1522 832; baseline -0.001 -13"><span class='ocrx_word' id='word_1_23' title='bbox 327 794 420 832; x_wconf 85' lang='lat' dir='ltr'>pore</span> <span class='ocrx_word' id='word_1_24' title='bbox 445 793 512 819; x_wconf 77' lang='lat' dir='ltr'>sex</span> <span class='ocrx_word' id='word_1_25' title='bbox 538 793 615 819; x_wconf 93' lang='lat' dir='ltr'>non</span> <span class='ocrx_word' id='word_1_26' title='bbox 644 781 772 819; x_wconf 82' lang='lat' dir='ltr'>decem</span> <span class='ocrx_word' id='word_1_27' title='bbox 799 780 970 831; x_wconf 84' lang='lat' dir='ltr'>legiones</span> <span class='ocrx_word' id='word_1_28' title='bbox 999 780 1039 818; x_wconf 88' lang='lat' dir='ltr'>in</span> <span class='ocrx_word' id='word_1_29' title='bbox 1068 780 1185 818; x_wconf 85' lang='lat' dir='ltr'>armis</span> <span class='ocrx_word' id='word_1_30' title='bbox 1200 780 1340 830; x_wconf 75' lang='lat' dir='ltr'>tuisse,</span> <span class='ocrx_word' id='word_1_31' title='bbox 1357 779 1522 819; x_wconf 85' lang='lat' dir='ltr'>dictator</span> 
     </span>
     <span class='ocr_line' id='line_1_6' title="bbox 329 869 1526 924; baseline -0.001 -14"><span class='ocrx_word' id='word_1_32' title='bbox 329 871 432 910; x_wconf 88' lang='lat' dir='ltr'>enim</span> <span class='ocrx_word' id='word_1_33' title='bbox 461 884 550 910; x_wconf 85' lang='lat' dir='ltr'>suas</span> <span class='ocrx_word' id='word_1_34' title='bbox 575 871 746 924; x_wconf 85' lang='lat' dir='ltr'>legiones</span> <span class='ocrx_word' id='word_1_35' title='bbox 768 870 853 923; x_wconf 83' lang='lat' dir='ltr'>jam</span> <span class='ocrx_word' id='word_1_36' title='bbox 880 869 1078 910; x_wconf 79' lang='lat' dir='ltr'>dimiserat</span> <span class='ocrx_word' id='word_1_37' title='bbox 1106 870 1229 910; x_wconf 85' lang='lat' dir='ltr'>invito</span> <span class='ocrx_word' id='word_1_38' title='bbox 1257 874 1407 910; x_wconf 81' lang='lat' dir='ltr'>senatu.</span> <span class='ocrx_word' id='word_1_39' title='bbox 1422 869 1526 910; x_wconf 86' lang='lat' dir='ltr'>Vide</span> 
     </span>
     <span class='ocr_line' id='line_1_7' title="bbox 328 960 1522 1013; baseline -0.001 -14"><span class='ocrx_word' id='word_1_40' title='bbox 328 961 431 1012; x_wconf 89' lang='lat' dir='ltr'>quod</span> <span class='ocrx_word' id='word_1_41' title='bbox 470 961 681 1013; x_wconf 87' lang='lat' dir='ltr'>Dionysius</span> <span class='ocrx_word' id='word_1_42' title='bbox 724 961 807 1012; x_wconf 86' lang='lat' dir='ltr'>ipse</span> <span class='ocrx_word' id='word_1_43' title='bbox 852 961 900 998; x_wconf 88' lang='lat' dir='ltr'>de</span> <span class='ocrx_word' id='word_1_44' title='bbox 942 960 1015 999; x_wconf 83' lang='lat' dir='ltr'>hac</span> <span class='ocrx_word' id='word_1_45' title='bbox 1055 973 1097 999; x_wconf 91' lang='lat' dir='ltr'>re</span> <span class='ocrx_word' id='word_1_46' title='bbox 1137 964 1304 999; x_wconf 87' lang='lat' dir='ltr'>testatur</span> <span class='ocrx_word' id='word_1_47' title='bbox 1334 973 1417 1012; x_wconf 83' lang='lat' dir='ltr'><strong>cap.</strong></span> <span class='ocrx_word' id='word_1_48' title='bbox 1448 962 1522 999; x_wconf 91' lang='lat'>43:</span> 
     </span>
     <span class='ocr_line' id='line_1_8' title="bbox 328 1049 1522 1100; baseline -0.002 -9"><span class='ocrx_word' id='word_1_49' title='bbox 328 1052 509 1091; x_wconf 85' lang='lat' dir='ltr'>Valerius</span> <span class='ocrx_word' id='word_1_50' title='bbox 550 1050 652 1090; x_wconf 65' lang='grc' dir='ltr'>κατὰ</span> <span class='ocrx_word' id='word_1_51' title='bbox 692 1053 770 1090; x_wconf 82' lang='grc' dir='ltr'><em>νοῦν</em></span> <span class='ocrx_word' id='word_1_52' title='bbox 811 1051 1052 1100; x_wconf 72' lang='grc' dir='ltr'><strong><em>χωρήσαντος</em></strong></span> <span class='ocrx_word' id='word_1_53' title='bbox 1092 1050 1195 1098; x_wconf 73' lang='grc' dir='ltr'>αὐτῷ</span> <span class='ocrx_word' id='word_1_54' title='bbox 1235 1053 1299 1089; x_wconf 82' lang='grc' dir='ltr'>τοῦ</span> <span class='ocrx_word' id='word_1_55' title='bbox 1331 1049 1522 1100; x_wconf 75' lang='grc' dir='ltr'>πσλέμου,</span> 
     </span>
     <span class='ocr_line' id='line_1_9' title="bbox 328 1139 1526 1188; baseline -0.002 -9"><span class='ocrx_word' id='word_1_56' title='bbox 328 1141 390 1180; x_wconf 82' lang='grc' dir='ltr'>τὸν</span> <span class='ocrx_word' id='word_1_57' title='bbox 440 1141 606 1180; x_wconf 62' lang='grc' dir='ltr'>εἰωθότα</span> <span class='ocrx_word' id='word_1_58' title='bbox 661 1140 852 1188; x_wconf 63' lang='grc' dir='ltr'>,θρίαμβον</span> <span class='ocrx_word' id='word_1_59' title='bbox 903 1140 980 1179; x_wconf 72' lang='grc' dir='ltr'>ἀπὸ</span> <span class='ocrx_word' id='word_1_60' title='bbox 1026 1144 1094 1185; x_wconf 74' lang='grc' dir='ltr'>τῆς</span> <span class='ocrx_word' id='word_1_61' title='bbox 1135 1139 1235 1184; x_wconf 76' lang='grc' dir='ltr'><strong><em>νίκης</em></strong></span> <span class='ocrx_word' id='word_1_62' title='bbox 1282 1140 1526 1187; x_wconf 72' lang='grc' dir='ltr'><strong><em>καταγαγὼν</em></strong></span> 
     </span>
     <span class='ocr_line' id='line_1_10' title="bbox 329 1229 1528 1279; baseline 0 -10"><span class='ocrx_word' id='word_1_63' title='bbox 329 1231 498 1270; x_wconf 73' lang='grc' dir='ltr'><em>ἀπέλυσε</em></span> <span class='ocrx_word' id='word_1_64' title='bbox 550 1232 613 1272; x_wconf 79' lang='grc' dir='ltr'>τὸν</span> <span class='ocrx_word' id='word_1_65' title='bbox 663 1231 776 1278; x_wconf 77' lang='grc' dir='ltr'><strong><em>δῆμον</em></strong></span> <span class='ocrx_word' id='word_1_66' title='bbox 820 1231 895 1271; x_wconf 72' lang='grc' dir='ltr'>ἀπὸ</span> <span class='ocrx_word' id='word_1_67' title='bbox 936 1235 1005 1276; x_wconf 77' lang='grc' dir='ltr'>τῆς</span> <span class='ocrx_word' id='word_1_68' title='bbox 1048 1230 1275 1279; x_wconf 75' lang='grc' dir='ltr'><strong><em>στρατείας,</em></strong></span> <span class='ocrx_word' id='word_1_69' title='bbox 1318 1229 1419 1270; x_wconf 80' lang='grc' dir='ltr'><em>οὔπω</em></span> <span class='ocrx_word' id='word_1_70' title='bbox 1459 1234 1528 1276; x_wconf 66' lang='grc' dir='ltr'>τῆς</span> 
     </span>
     <span class='ocr_line' id='line_1_11' title="bbox 329 1319 1530 1371; baseline -0.001 -9"><span class='ocrx_word' id='word_1_71' title='bbox 329 1322 472 1369; x_wconf 74' lang='grc' dir='ltr'><em>βουλῆς</em></span> <span class='ocrx_word' id='word_1_72' title='bbox 499 1322 621 1370; x_wconf 78' lang='grc' dir='ltr'><strong><em>καιρὸν</em></strong></span> <span class='ocrx_word' id='word_1_73' title='bbox 650 1319 743 1360; x_wconf 68' lang='grc' dir='ltr'><strong><em>εἶναι</em></strong></span> <span class='ocrx_word' id='word_1_74' title='bbox 773 1321 999 1371; x_wconf 63' lang='grc' dir='ltr'>νομιζοιίσης.</span> <span class='ocrx_word' id='word_1_75' title='bbox 1028 1321 1182 1361; x_wconf 79' lang='lat' dir='ltr'>Satisne</span> <span class='ocrx_word' id='word_1_76' title='bbox 1206 1322 1457 1361; x_wconf 81' lang='lat' dir='ltr'>manifestum</span> <span class='ocrx_word' id='word_1_77' title='bbox 1471 1326 1530 1361; x_wconf 83' lang='lat' dir='ltr'>est</span> 
     </span>
     <span class='ocr_line' id='line_1_12' title="bbox 328 1412 1530 1463; baseline 0 -11"><span class='ocrx_word' id='word_1_78' title='bbox 328 1413 514 1452; x_wconf 82' lang='lat' dir='ltr'>mandata</span> <span class='ocrx_word' id='word_1_79' title='bbox 553 1417 710 1452; x_wconf 80' lang='lat' dir='ltr'>senatus</span> <span class='ocrx_word' id='word_1_80' title='bbox 747 1412 797 1452; x_wconf 81' lang='lat' dir='ltr'>ad</span> <span class='ocrx_word' id='word_1_81' title='bbox 823 1412 975 1452; x_wconf 84' lang='lat' dir='ltr'>Valerii</span> <span class='ocrx_word' id='word_1_82' title='bbox 1003 1413 1201 1451; x_wconf 84' lang='lat' dir='ltr'>exercitus</span> <span class='ocrx_word' id='word_1_83' title='bbox 1228 1413 1423 1463; x_wconf 89' lang='lat' dir='ltr'>pertinere</span> <span class='ocrx_word' id='word_1_84' title='bbox 1451 1426 1530 1452; x_wconf 90' lang='lat' dir='ltr'>non</span> 
     </span>
     <span class='ocr_line' id='line_1_13' title="bbox 331 1498 1528 1556; baseline 0.001 -14"><span class='ocrx_word' id='word_1_85' title='bbox 331 1503 532 1556; x_wconf 77' lang='lat' dir='ltr'>potuisse?</span> <span class='ocrx_word' id='word_1_86' title='bbox 576 1502 678 1543; x_wconf 87' lang='lat' dir='ltr'>Vide</span> <span class='ocrx_word' id='word_1_87' title='bbox 720 1503 839 1542; x_wconf 83' lang='lat' dir='ltr'>etiam</span> <span class='ocrx_word' id='word_1_88' title='bbox 875 1502 979 1555; x_wconf 89' lang='lat' dir='ltr'>quod</span> <span class='ocrx_word' id='word_1_89' title='bbox 1007 1502 1191 1542; x_wconf 83' lang='lat' dir='ltr'>Valerius</span> <span class='ocrx_word' id='word_1_90' title='bbox 1218 1502 1311 1542; x_wconf 81' lang='lat' dir='ltr'>dicit</span> <span class='ocrx_word' id='word_1_91' title='bbox 1340 1498 1424 1556; x_wconf 63' lang='lat' dir='ltr'><strong>cap.</strong></span> <span class='ocrx_word' id='word_1_92' title='bbox 1456 1505 1528 1543; x_wconf 87' lang='lat'>44:</span> 
     </span>
     <span class='ocr_line' id='line_1_14' title="bbox 331 1591 1530 1652; baseline 0 -20"><span class='ocrx_word' id='word_1_93' title='bbox 331 1593 417 1644; x_wconf 86' lang='lat' dir='ltr'>Ego</span> <span class='ocrx_word' id='word_1_94' title='bbox 461 1606 548 1632; x_wconf 88' lang='lat' dir='ltr'>sum</span> <span class='ocrx_word' id='word_1_95' title='bbox 589 1605 658 1632; x_wconf 84' lang='lat' dir='ltr'>vos</span> <span class='ocrx_word' id='word_1_96' title='bbox 700 1593 844 1632; x_wconf 82' lang='lat' dir='ltr'>milites</span> <span class='ocrx_word' id='word_1_97' title='bbox 889 1591 1172 1639; x_wconf 73' lang='grc' dir='ltr'><strong><em>ἐναντιουμένων</em></strong></span> <span class='ocrx_word' id='word_1_98' title='bbox 1214 1594 1289 1630; x_wconf 82' lang='grc' dir='ltr'>τῶν</span> <span class='ocrx_word' id='word_1_99' title='bbox 1316 1592 1530 1652; x_wconf 62' lang='grc' dir='ltr'><strong><em>βουλευτῶν</em></strong></span> 
     </span>
     <span class='ocr_line' id='line_1_15' title="bbox 331 1683 1530 1734; baseline 0.003 -13"><span class='ocrx_word' id='word_1_100' title='bbox 331 1683 500 1732; x_wconf 76' lang='grc' dir='ltr'><em>ἀφεικὼς</em></span> <span class='ocrx_word' id='word_1_101' title='bbox 545 1683 622 1722; x_wconf 82' lang='grc' dir='ltr'><strong><em>δέον</em></strong></span> <span class='ocrx_word' id='word_1_102' title='bbox 657 1684 730 1723; x_wconf 82' lang='grc' dir='ltr'>ὑπὸ</span> <span class='ocrx_word' id='word_1_103' title='bbox 757 1687 844 1729; x_wconf 71' lang='grc' dir='ltr'>ταῖς</span> <span class='ocrx_word' id='word_1_104' title='bbox 872 1684 1101 1732; x_wconf 66' lang='grc' dir='ltr'><strong><em>ἀγραυλίαις</em></strong></span> <span class='ocrx_word' id='word_1_105' title='bbox 1133 1684 1196 1724; x_wconf 74' lang='grc' dir='ltr'>καὶ</span> <span class='ocrx_word' id='word_1_106' title='bbox 1226 1688 1389 1731; x_wconf 67' lang='grc' dir='ltr'>πλάναις</span> <span class='ocrx_word' id='word_1_107' title='bbox 1418 1685 1455 1724; x_wconf 83' lang='grc' dir='ltr'>ἕν</span> <span class='ocrx_word' id='word_1_108' title='bbox 1482 1691 1530 1734; x_wconf 72' lang='grc' dir='ltr'>τῇ</span> 
     </span>
     <span class='ocr_line' id='line_1_16' title="bbox 331 1773 1530 1827; baseline 0.002 -15"><span class='ocrx_word' id='word_1_109' title='bbox 331 1773 500 1823; x_wconf 70' lang='grc' dir='ltr'><strong><em>πολεμίᾳ</em></strong></span> <span class='ocrx_word' id='word_1_110' title='bbox 533 1776 711 1822; x_wconf 63' lang='grc' dir='ltr'>κατέχειν</span> <span class='ocrx_word' id='word_1_111' title='bbox 737 1775 855 1820; x_wconf 71' lang='grc' dir='ltr'>ὑμᾶς.</span> <span class='ocrx_word' id='word_1_112' title='bbox 883 1774 987 1819; x_wconf 86' lang='lat' dir='ltr'>Quid</span> <span class='ocrx_word' id='word_1_113' title='bbox 1013 1775 1087 1814; x_wconf 85' lang='lat' dir='ltr'>hoc</span> <span class='ocrx_word' id='word_1_114' title='bbox 1111 1775 1277 1824; x_wconf 73' lang='grc' dir='ltr'><strong><em>ἀφεικὼς</em></strong></span> <span class='ocrx_word' id='word_1_115' title='bbox 1291 1776 1398 1814; x_wconf 85' lang='lat' dir='ltr'>aliud</span> <span class='ocrx_word' id='word_1_116' title='bbox 1413 1776 1530 1827; x_wconf 86' lang='lat' dir='ltr'>signi-</span> 
     </span>
     <span class='ocr_line' id='line_1_17' title="bbox 333 1864 1530 1918; baseline 0.003 -15"><span class='ocrx_word' id='word_1_117' title='bbox 333 1865 424 1904; x_wconf 84' lang='lat' dir='ltr'>fieat</span> <span class='ocrx_word' id='word_1_118' title='bbox 452 1864 528 1904; x_wconf 87' lang='lat' dir='ltr'>nisi</span> <span class='ocrx_word' id='word_1_119' title='bbox 556 1865 643 1904; x_wconf 84' lang='lat' dir='ltr'>illas</span> <span class='ocrx_word' id='word_1_120' title='bbox 673 1868 839 1917; x_wconf 82' lang='lat' dir='ltr'>quatuor</span> <span class='ocrx_word' id='word_1_121' title='bbox 868 1864 1067 1905; x_wconf 78' lang='lat' dir='ltr'>dictatoris</span> <span class='ocrx_word' id='word_1_122' title='bbox 1094 1866 1265 1918; x_wconf 84' lang='lat' dir='ltr'>legiones</span> <span class='ocrx_word' id='word_1_123' title='bbox 1288 1870 1530 1906; x_wconf 78' lang='lat' dir='ltr'>sacramento</span> 
     </span>
     <span class='ocr_line' id='line_1_18' title="bbox 337 1955 1528 2010; baseline 0.002 -16"><span class='ocrx_word' id='word_1_124' title='bbox 337 1957 483 1996; x_wconf 85' lang='lat' dir='ltr'>solutas</span> <span class='ocrx_word' id='word_1_125' title='bbox 510 1956 622 1994; x_wconf 79' lang='lat' dir='ltr'>esse?</span> <span class='ocrx_word' id='word_1_126' title='bbox 651 1955 762 1994; x_wconf 90' lang='lat' dir='ltr'>Nihil</span> <span class='ocrx_word' id='word_1_127' title='bbox 789 1955 939 2007; x_wconf 79' lang='lat' dir='ltr'>obstat,</span> <span class='ocrx_word' id='word_1_128' title='bbox 955 1959 999 1995; x_wconf 90' lang='lat' dir='ltr'>ut</span> <span class='ocrx_word' id='word_1_129' title='bbox 1014 1968 1101 1995; x_wconf 83' lang='lat' dir='ltr'>mea</span> <span class='ocrx_word' id='word_1_130' title='bbox 1115 1955 1271 2009; x_wconf 91' lang='lat' dir='ltr'>quidem</span> <span class='ocrx_word' id='word_1_131' title='bbox 1285 1956 1360 1996; x_wconf 85' lang='lat' dir='ltr'>fert</span> <span class='ocrx_word' id='word_1_132' title='bbox 1374 1957 1528 2010; x_wconf 90' lang='lat' dir='ltr'>opinio,</span> 
     </span>
     <span class='ocr_line' id='line_1_19' title="bbox 331 2046 1529 2099; baseline 0.001 -14"><span class='ocrx_word' id='word_1_133' title='bbox 331 2047 434 2098; x_wconf 91' lang='lat' dir='ltr'>quod</span> <span class='ocrx_word' id='word_1_134' title='bbox 476 2047 612 2085; x_wconf 83' lang='lat' dir='ltr'>Livius</span> <span class='ocrx_word' id='word_1_135' title='bbox 654 2046 747 2085; x_wconf 81' lang='lat' dir='ltr'>dicit</span> <span class='ocrx_word' id='word_1_136' title='bbox 789 2046 877 2085; x_wconf 89' lang='lat' dir='ltr'>Lib.</span> <span class='ocrx_word' id='word_1_137' title='bbox 922 2046 978 2085; x_wconf 92' lang='grc' dir='ltr'>ΙΙ.</span> <span class='ocrx_word' id='word_1_138' title='bbox 1021 2048 1092 2085; x_wconf 83' lang='grc'>32;</span> <span class='ocrx_word' id='word_1_139' title='bbox 1122 2046 1255 2086; x_wconf 86' lang='lat' dir='ltr'>Timor</span> <span class='ocrx_word' id='word_1_140' title='bbox 1283 2047 1373 2086; x_wconf 92' lang='lat' dir='ltr'>inde</span> <span class='ocrx_word' id='word_1_141' title='bbox 1398 2052 1529 2099; x_wconf 85' lang='lat' dir='ltr'>patres</span> 
     </span>
     <span class='ocr_line' id='line_1_20' title="bbox 334 2136 1529 2187; baseline 0.003 -12"><span class='ocrx_word' id='word_1_142' title='bbox 334 2138 490 2176; x_wconf 80' lang='lat' dir='ltr'>incessit</span> <span class='ocrx_word' id='word_1_143' title='bbox 519 2150 569 2175; x_wconf 92' lang='lat' dir='ltr'>ne</span> <span class='ocrx_word' id='word_1_144' title='bbox 596 2137 628 2175; x_wconf 93' lang='lat' dir='ltr'>si</span> <span class='ocrx_word' id='word_1_145' title='bbox 656 2136 837 2175; x_wconf 84' lang='lat' dir='ltr'>dimissus</span> <span class='ocrx_word' id='word_1_146' title='bbox 859 2138 1054 2176; x_wconf 81' lang='lat' dir='ltr'>exercitus</span> <span class='ocrx_word' id='word_1_147' title='bbox 1083 2138 1207 2187; x_wconf 86' lang='lat' dir='ltr'>foret,</span> <span class='ocrx_word' id='word_1_148' title='bbox 1236 2151 1370 2177; x_wconf 85' lang='lat' dir='ltr'>rursus</span> <span class='ocrx_word' id='word_1_149' title='bbox 1398 2143 1529 2178; x_wconf 85' lang='lat' dir='ltr'>coetus</span> 
     </span>
     <span class='ocr_line' id='line_1_21' title="bbox 334 2227 1529 2281; baseline 0.002 -15"><span class='ocrx_word' id='word_1_150' title='bbox 334 2227 474 2267; x_wconf 83' lang='lat' dir='ltr'>occulti</span> <span class='ocrx_word' id='word_1_151' title='bbox 515 2227 876 2279; x_wconf 79' lang='lat' dir='ltr'>conjurationesque</span> <span class='ocrx_word' id='word_1_152' title='bbox 916 2227 1065 2267; x_wconf 87' lang='lat' dir='ltr'>fierent.</span> <span class='ocrx_word' id='word_1_153' title='bbox 1096 2228 1256 2281; x_wconf 85' lang='lat' dir='ltr'>Itaque,</span> <span class='ocrx_word' id='word_1_154' title='bbox 1292 2241 1529 2281; x_wconf 83' lang='lat' dir='ltr'>quamquam</span> 
     </span>
     <span class='ocr_line' id='line_1_22' title="bbox 335 2316 1529 2371; baseline 0.002 -16"><span class='ocrx_word' id='word_1_155' title='bbox 335 2330 404 2369; x_wconf 91' lang='lat' dir='ltr'>per</span> <span class='ocrx_word' id='word_1_156' title='bbox 433 2317 660 2355; x_wconf 84' lang='lat' dir='ltr'>dictatorem</span> <span class='ocrx_word' id='word_1_157' title='bbox 681 2316 854 2356; x_wconf 81' lang='lat' dir='ltr'>delectus</span> <span class='ocrx_word' id='word_1_158' title='bbox 869 2317 1028 2356; x_wconf 81' lang='lat' dir='ltr'>habitus</span> <span class='ocrx_word' id='word_1_159' title='bbox 1043 2321 1165 2369; x_wconf 83' lang='lat' dir='ltr'>esset,</span> <span class='ocrx_word' id='word_1_160' title='bbox 1178 2321 1308 2357; x_wconf 84' lang='lat' dir='ltr'>tamen</span> <span class='ocrx_word' id='word_1_161' title='bbox 1322 2348 1332 2369; x_wconf 84' lang='lat'><strong><em>‚</em></strong></span> <span class='ocrx_word' id='word_1_162' title='bbox 1347 2319 1529 2371; x_wconf 85' lang='lat' dir='ltr'>quoniam</span> 
     </span>
     <span class='ocr_line' id='line_1_23' title="bbox 336 2409 1532 2461; baseline 0.001 -14"><span class='ocrx_word' id='word_1_163' title='bbox 336 2409 377 2447; x_wconf 90' lang='lat' dir='ltr'>in</span> <span class='ocrx_word' id='word_1_164' title='bbox 407 2409 609 2447; x_wconf 81' lang='lat' dir='ltr'>consulum</span> <span class='ocrx_word' id='word_1_165' title='bbox 638 2409 759 2448; x_wconf 80' lang='lat' dir='ltr'>verba</span> <span class='ocrx_word' id='word_1_166' title='bbox 783 2410 1003 2461; x_wconf 84' lang='lat' dir='ltr'>jurassent,</span> <span class='ocrx_word' id='word_1_167' title='bbox 1033 2414 1275 2450; x_wconf 77' lang='lat' dir='ltr'>sacramento</span> <span class='ocrx_word' id='word_1_168' title='bbox 1297 2410 1420 2449; x_wconf 89' lang='lat' dir='ltr'>teneri</span> <span class='ocrx_word' id='word_1_169' title='bbox 1433 2410 1532 2448; x_wconf 90' lang='lat' dir='ltr'>mili-</span> 
     </span>
     <span class='ocr_line' id='line_1_24' title="bbox 333 2498 1533 2554; baseline 0.001 -15"><span class='ocrx_word' id='word_1_170' title='bbox 333 2503 413 2539; x_wconf 87' lang='lat' dir='ltr'>tem</span> <span class='ocrx_word' id='word_1_171' title='bbox 441 2500 537 2550; x_wconf 83' lang='lat' dir='ltr'>rati‚</span> <span class='ocrx_word' id='word_1_172' title='bbox 566 2503 639 2540; x_wconf 85' lang='lat' dir='ltr'>eet.</span> <span class='ocrx_word' id='word_1_173' title='bbox 671 2498 782 2540; x_wconf 86' lang='lat' dir='ltr'>Nihil</span> <span class='ocrx_word' id='word_1_174' title='bbox 808 2501 914 2541; x_wconf 89' lang='lat' dir='ltr'>enim</span> <span class='ocrx_word' id='word_1_175' title='bbox 939 2505 998 2541; x_wconf 84' lang='lat' dir='ltr'>est</span> <span class='ocrx_word' id='word_1_176' title='bbox 1026 2500 1130 2554; x_wconf 89' lang='lat' dir='ltr'>quod</span> <span class='ocrx_word' id='word_1_177' title='bbox 1155 2501 1229 2541; x_wconf 85' lang='lat' dir='ltr'>hoo</span> <span class='ocrx_word' id='word_1_178' title='bbox 1255 2501 1303 2540; x_wconf 88' lang='lat' dir='ltr'>de</span> <span class='ocrx_word' id='word_1_179' title='bbox 1328 2513 1400 2540; x_wconf 82' lang='lat' dir='ltr'>sex</span> <span class='ocrx_word' id='word_1_180' title='bbox 1414 2501 1533 2553; x_wconf 86' lang='lat' dir='ltr'>legio-</span> 
     </span>
    </p>
   </div>
   <div class='ocr_carea' id='block_1_3' title="bbox 336 2591 1532 2645">
    <p class='ocr_par' dir='ltr' id='par_1_3' title="bbox 336 2591 1532 2645">
     <span class='ocr_line' id='line_1_25' title="bbox 336 2591 1532 2645; baseline -0.001 -14"><span class='ocrx_word' id='word_1_181' title='bbox 336 2592 451 2631; x_wconf 91' lang='lat' dir='ltr'>nibus</span> <span class='ocrx_word' id='word_1_182' title='bbox 505 2592 706 2631; x_wconf 85' lang='lat' dir='ltr'>eonsulum</span> <span class='ocrx_word' id='word_1_183' title='bbox 758 2605 836 2632; x_wconf 92' lang='lat' dir='ltr'>non</span> <span class='ocrx_word' id='word_1_184' title='bbox 881 2593 1194 2645; x_wconf 84' lang='lat' dir='ltr'>interpretemur.</span> <span class='ocrx_word' id='word_1_185' title='bbox 1235 2591 1423 2638; x_wconf 79' lang='lat' dir='ltr'>Quamvis</span> <span class='ocrx_word' id='word_1_186' title='bbox 1462 2604 1532 2631; x_wconf 83' lang='lat' dir='ltr'>sex</span> 
     </span>
    </p>
   </div>
  </div>
 </body>
</html>
