1924 3118
962 380 1013 416 20

385 516 499 555 modo
540 521 676 556 contra
706 517 936 556 dictatorem
968 517 1051 568 (qui
1083 522 1211 556 eastra
1239 519 1280 556 in
1310 519 1408 557 colle
1437 519 1591 557 excelso

387 610 588 659 posuerat)
618 608 765 647 bellum
795 609 845 646 sit
874 608 1101 659 gerendum.
1117 607 1199 646 Alii
1216 612 1373 647 censent
1389 609 1471 647 sine
1486 621 1594 647 mora

387 699 577 751 impetum
616 699 657 738 in
699 712 789 738 eum
830 698 1072 749 faciendum,
1112 698 1142 737 οἱ
1172 698 1209 737 δὲ
1238 698 1323 744 τοὺς
1351 699 1420 746 μὲν
1448 701 1592 738 ἀποτα-

388 791 632 837 φρεύσαντας
683 789 795 837 ὀλίγῃ
845 792 916 827 τινὶ
962 790 1174 837 κατείργειν
1216 793 1398 840 Φυλακῇ,
1441 793 1508 838 τὴν
1560 790 1591 828 δ’

388 878 512 924 ἄλλην
554 878 711 926 δι-’ναμιν
754 876 1027 926 ἀναλαβόντας
1072 881 1134 918 ἐπὶ
1178 883 1247 930 τὴν
1288 878 1431 928 Ῥώμην
1468 878 1591 928 ἄγειν.

388 971 553 1010 Frustra
596 971 660 1010 hic
700 971 855 1023 quaeris
894 971 1059 1009 verbum
1098 971 1272 1009 indicans
1301 972 1461 1022 quinam
1490 971 1592 1010 fossa

389 1063 654 1102 circumducta
695 1062 893 1100 coercendi
938 1062 1036 1111 sint3
1079 1062 1283 1113 participio
1310 1062 1414 1100 enim
1444 1062 1591 1100 ἀποτα-

388 1152 630 1203 φρεύσαντας
673 1153 781 1192 deest
818 1153 1014 1203 objectum
1043 1165 1113 1191 nec
1143 1152 1255 1191 facile
1277 1152 1587 1192 subaudiendum

389 1244 486 1284 mihi
527 1243 683 1283 videtur
723 1255 773 1282 ex
817 1242 1065 1295 praecedenti
1094 1241 1180 1287 w),-
1209 1239 1296 1289 ἅμα
1321 1243 1372 1290 τῷ
1402 1241 1588 1291 δικτάτορι

387 1333 728 1381 καταλαβομένους
768 1334 810 1371 τὸ
851 1333 949 1380 Epa-3
995 1334 1156 1384 conjicio
1197 1335 1318 1385 igitur
1356 1338 1448 1372 ante
1483 1334 1594 1381 ὀλίγῃ

387 1424 637 1465 inserendum
669 1437 752 1463 esse
781 1437 992 1475 pronomen
1022 1422 1160 1468 αὐτοὺς
1188 1423 1291 1475 quod
1312 1428 1470 1476 propter
1485 1424 1589 1463 simi-

388 1515 595 1555 litudinem
637 1515 767 1553 exitus
811 1514 920 1552 verbi
950 1513 1386 1562 oimwcppea‘cANTAC
1412 1513 1590 1553 excidere

385 1606 526 1658 potuit.

442 1695 530 1734 Lib.
561 1694 635 1733 VI.
666 1707 699 1733 c.
731 1695 767 1732 6.
797 1696 863 1731 καὶ
894 1696 1021 1731 πάντα
1050 1693 1102 1732 τοὶ
1131 1694 1222 1742 παρ’
1249 1694 1436 1733 ἑαυτῶν
1465 1695 1517 1739 εἷς
1544 1695 1586 1734 τὸ

386 1787 490 1825 νικοῖν
521 1783 702 1833 πρόθυμα
734 1783 1017 1832 παρεχομένοις.
1046 1784 1125 1823 Pro
1154 1784 1320 1829 ἑαυτῶν,
1338 1785 1441 1837 quod
1455 1786 1588 1824 Kiess-
1628 1832 1630 1834 v

385 1879 468 1929 ling
512 1877 609 1915 duce
637 1875 799 1915 Reiskio
826 1876 1003 1926 conjicit,
1033 1875 1183 1915 codices
1212 1877 1401 1920 exhibent
1430 1875 1584 1919 ἑαυτοὺς

384 1972 423 2007 et
451 1967 619 2017 ἑαυτοῖς;
648 1969 887 2017 postremum
915 1966 1087 2004 maxime
1113 1966 1209 2005 mihi
1237 1967 1376 2019 placet.

437 2057 525 2096 Lib.
556 2056 631 2096 VI.
661 2069 693 2094 c.
726 2058 761 2094 7.
794 2056 979 2107 legimus:
1011 2057 1069 2094 ὁτι
1096 2060 1164 2105 τῆς
1193 2056 1336 2101 πόλεως
1363 2056 1432 2104 μὲν
1447 2056 1584 2102 αὐτοὺς

384 2150 702 2192 ἀπηλάσατε.
746 2145 825 2184 Pro
866 2147 1004 2186 ultimo
1045 2147 1234 2186 vocabulo
1270 2148 1418 2187 codices
1454 2161 1586 2187 omnes

386 2240 481 2278 dant
510 2235 793 2284 ἀπεσπάσατε,
822 2237 925 2288 quod
953 2238 1149 2289 integrum
1164 2239 1398 2278 servandum
1412 2240 1585 2290 conjicio.

386 2329 429 2368 Si
473 2328 578 2369 enim
621 2331 726 2366 recte
767 2326 908 2365 dicitur
944 2326 1126 2366 ἀποσπᾶν
1155 2342 1239 2367 τινα
1268 2333 1337 2374 τῆς
1367 2329 1513 2373 ἐλπίδος
1543 2334 1587 2369 ut

389 2420 509 2473 Soph.
542 2419 637 2459 Oed.
668 2419 718 2457 R.
751 2420 864 2458 1432.

515 2510 604 2559 πρὸς
632 2508 727 2549 θεῶν
756 2509 909 2558 ἐπείπερ
943 2509 1090 2556 ἐλπίδος
1119 2513 1160 2558 μ’
1188 2512 1446 2558 οὶπέσπασας,

382 2604 493 2646 nulla
535 2603 632 2642 mihi
674 2603 830 2655 quidem
872 2603 1026 2643 videtur
1055 2617 1171 2644 causa
1199 2617 1282 2644 esse
1310 2617 1378 2644 cur
1405 2604 1584 2643 ἀποσπᾶν
