1924 3118
971 397 994 433 5

418 532 520 574 Lib.
564 532 596 571 I.
625 545 658 571 c.
687 534 750 570 41.
778 529 863 570 οὔτε
893 529 969 578 γὰρ
1003 530 1019 568 ὃ
1047 533 1173 579 χῶρος
1203 532 1239 568 ἐν
1265 531 1388 581 τρίβῳ
1418 535 1497 576 τοῖς
1527 515 1580 575 ele

378 621 520 669 ’Ἄργος
561 621 603 668 ἐξ
639 620 804 670 Ἰβηρίας
832 620 1292 670 ἀναγκαζομένοις,
1326 625 1398 661 oet.
1428 621 1581 661 Ultimo

383 712 502 750 verbo
516 712 618 764 quod
634 713 768 764 procul
782 712 899 751 dubio
914 724 1070 751 sensum
1084 712 1236 750 nullum
1251 712 1364 751 affert
1380 711 1581 764 Kiessling

383 807 542 842 conatus
569 807 627 842 est
654 803 867 843 remedium
895 803 1034 842 afferre
1062 803 1331 842 substituendo
1358 801 1580 851 ἀνακομιζο-

379 891 523 938 μένοις,
568 907 668 946 quae
708 898 839 933 tamen
883 894 1105 945 conjectura
1145 894 1243 932 mihi
1279 893 1436 945 quidem
1463 893 1580 931 nimis

381 982 511 1021 audax
525 983 700 1034 videtur3
716 984 867 1023 cautius
882 984 1091 1036 aliquando
1106 983 1302 1035 Pflugius:
1317 981 1578 1029 ἀναγομένοις.

383 1072 574 1124 Equidem
602 1075 757 1112 omnino
784 1074 1030 1113 scribendum
1058 1085 1195 1112 censeo
1221 1071 1581 1122 ἀνασκευαζομένοις

383 1165 485 1215 quod
516 1169 564 1203 -et
607 1178 789 1216 magnam
830 1165 1123 1220 similitudinem
1150 1165 1264 1203 affert
1294 1177 1383 1202 cum
1412 1165 1532 1203 verbo
1556 1178 1581 1203 a

382 1254 576 1294 codicibus
611 1254 792 1293 exhibito
819 1259 875 1297 ‚et
904 1255 1058 1306 saepius
1086 1267 1110 1293 a
1138 1254 1327 1305 Dionysio
1355 1258 1580 1305 usurpatur.

382 1344 429 1382 cf.
459 1343 631 1394 ejusdem
657 1344 748 1383 libri
772 1357 855 1396 cap.
881 1345 944 1383 48.
961 1344 1009 1383 de
1024 1343 1160 1383 Aenea
1173 1343 1214 1381 in
1228 1342 1342 1382 Idam
1356 1342 1579 1382 secedente:

384 1407 600 1481 Zocponzfid
627 1457 678 1461 -
722 1433 904 1478 πεποίηκε
946 1434 1010 1473 τὸν
1055 1432 1206 1472 Αἰνείαν
1235 1431 1582 1481 ἀνασκευαζόμενον

384 1525 437 1569 εἷς
465 1524 531 1569 τὴν
554 1525 669 1568 Ἴδην.

435 1615 522 1654 Lib.
553 1615 585 1654 Ι.
615 1628 647 1654 c.
677 1617 740 1654 44.
774 1609 794 1658 ἢ
823 1613 887 1654 καὶ
904 1619 964 1654 νῦν
980 1615 1051 1655 ὑπὸ
1066 1615 1259 1663 Ῥωμαίων
1276 1612 1356 1669 (ἦν)
1372 1613 1583 1665 οἰκουμένη,

382 1704 486 1751 Νέας
516 1708 665 1751 Πόλεως
694 1704 756 1745 καὶ
787 1706 991 1753 Πομπηίας
1018 1707 1054 1745 ἐν
1081 1705 1190 1757 μέσῳ
1217 1705 1433 1754 κειμένη.
1449 1706 1582 1747 Kiess-

383 1798 467 1849 ling
507 1797 554 1837 de
594 1811 664 1837 suo
710 1797 868 1837 dederat
912 1794 975 1842 ἦν,
1005 1811 1083 1850 qua
1110 1798 1158 1838 de
1186 1799 1430 1851 conjectura,
1459 1801 1504 1837 ut
1532 1810 1583 1837 ex

384 1888 635 1927 annotatione
671 1901 741 1927 sua
776 1892 960 1941 apparet,
998 1901 1102 1928 nunc
1130 1888 1243 1928 valde
1271 1888 1447 1939 dubitat3
1477 1892 1582 1928 reete

380 1979 464 2017 viro
514 1979 626 2018 docto
682 1979 858 2031 displicet
911 1979 1134 2030 conjectura
1190 1992 1261 2018 sua
1304 1978 1579 2018 infelicissima.

381 2061 522 2107 Multo
548 2069 672 2119 magis
713 2068 809 2107 mihi
845 2069 973 2119 placet
1002 2068 1221 2107 emendatio
1251 2069 1484 2108 Buecheleri
1512 2069 1580 2121 qui

382 2172 452 2211 pro
479 2158 628 2205 κειμένη
656 2159 910 2198 indicativum
939 2160 1061 2198 κεῖται
1091 2160 1276 2199 restituit.

437 2248 524 2287 Lib.
569 2248 601 2289 I.
644 2261 676 2288 o.
714 2250 777 2288 50.
805 2250 870 2288 καὶ
899 2244 939 2294 ἦν
969 2248 1098 2289 πολλοὶ
1129 2254 1272 2298 σημεῖα
1300 2250 1337 2290 ἐν
1367 2251 1487 2303 Δήλῳ
1512 2255 1582 2298 τῆς

384 2338 528 2377 Αῗνείου
570 2354 613 2377 τε
660 2342 726 2377 καὶ
767 2339 898 2388 Τρώων
940 2341 1169 2389 παρουσίας,
1213 2329 1280 2387 ἕως
1309 2341 1412 2386 ἤνθει
1441 2356 1484 2381 τε
1515 2342 1578 2381 καὶ

384 2429 513 2478 ᾠκήθη
556 2431 575 2475 ἦ
619 2434 736 2475 νῆσος.
778 2431 979 2483 Kiessling
1019 2432 1117 2471 duce
1158 2433 1321 2472 Reiskio
1357 2438 1450 2473 ante
1478 2433 1582 2479 ἤνθει

385 2521 548 2560 inseruit
589 2517 655 2566 ἕως
691 2524 735 2560 ut
763 2522 944 2561 lacunam
972 2522 1150 2563 codicum
1177 2502 1376 2577 expleret3
1404 2525 1585 2566 lubenter

387 2613 509 2651 fateor
538 2614 789 2664 graecitatem
820 2615 893 2652 loci
922 2615 978 2653 ita
1007 2615 1201 2654 emendati
1228 2617 1327 2655 nihil
1353 2617 1582 2656 desiderare.
