1924 3118
971 319 994 355 6

385 456 463 496 Sed
490 457 619 496 neseio
645 469 696 496 an
724 457 838 509 plura
865 457 1098 509 exciderint3
1127 457 1210 497 veri
1240 456 1366 498 simile
1393 458 1497 498 enim
1529 463 1588 498 est

386 551 586 587 auctorem
614 552 701 600 post
729 548 936 596 παρουσίας
963 549 1155 600 quaedam
1179 552 1320 595 σημεῖα
1343 562 1591 589 enumerasse

387 638 491 679 unde
517 643 653 692 patere
680 643 810 692 posset
839 640 1029 691 Trojanos
1056 641 1097 679 in
1125 641 1198 680 hae
1227 642 1354 680 insula
1384 642 1514 680 fuisse.

444 730 532 770 Lib.
562 731 595 770 Ι.
624 744 656 770 c.
688 733 750 770 66.
780 729 959 777 μάλιστα
987 731 1024 770 δὲ
1052 732 1115 771 τὸν
1140 731 1369 779 καλούμενον
1394 733 1593 780 Ἀλβανὸν

390 818 480 861 οἶνον
510 820 597 866 ἡδὺν
626 820 689 860 καὶ
719 820 883 861 καλόν.
912 822 977 872 (ef.
1007 822 1094 861 Lib.
1111 822 1227 861 XIV.
1244 836 1276 861 e.
1296 826 1357 862 12.
1372 823 1420 862 de
1435 824 1593 862 Albano

392 912 502 952 vino:
547 910 627 950 ἔστι
669 911 706 950 δὲ
748 935 798 940 -
845 911 948 958 μετα
992 912 1054 951 τὸν
1084 913 1291 960 Φαληρικὸν
1322 911 1466 958 ἥδιστος
1495 913 1594 952 οἴνων

391 1005 606 1052 μελικράτῳ
634 1001 811 1049 μάλιστα
840 1002 1136 1055 προσεμφερής.)
1166 1003 1430 1043 Vehementer
1461 1003 1597 1043 dubito

393 1108 444 1134 an
485 1096 526 1133 in
569 1094 687 1133 καλόν
728 1095 914 1134 mendum
957 1096 1100 1145 lateat3
1147 1108 1226 1133 non
1268 1095 1367 1133 bene
1408 1096 1513 1134 enim
1550 1095 1598 1133 de

394 1187 485 1226 vino
536 1187 717 1226 convenit
762 1186 860 1225 illud
900 1186 1112 1237 pulchrum
1153 1199 1261 1235 esse,
1305 1186 1407 1238 quod
1448 1186 1598 1238 epithe-

394 1283 483 1329 ton,
527 1281 720 1330 quantum
747 1277 928 1327 memini,
953 1277 1093 1315 saltem
1120 1277 1293 1315 oratione
1323 1277 1472 1327 soluta,
1505 1289 1599 1316 nus—

399 1381 519 1422 quam
568 1369 643 1408 nisi
696 1368 769 1408 hoe
819 1381 897 1407 uno
937 1369 1022 1407 loco
1064 1368 1273 1407 invenitur.
1317 1368 1427 1407 Nihil
1468 1372 1599 1408 tamen

399 1460 524 1500 habeo
553 1460 656 1512 quod
683 1459 941 1510 substituam,
964 1472 1132 1511 namque
1155 1462 1299 1506 γλυκύ
1315 1460 1417 1511 quod
1432 1460 1603 1498 maxime

398 1550 495 1590 mihi
522 1550 721 1590 arridebat
748 1551 864 1590 nimis
892 1564 916 1590 a
942 1551 1083 1591 codicis
1114 1552 1307 1603 scriptura
1335 1551 1476 1590 differt.

456 1641 544 1681 Lib.
583 1641 639 1681 II.
679 1655 711 1681 e.
751 1644 787 1681 3.
816 1642 889 1681 sub
917 1642 983 1681 fin.
1012 1643 1086 1688 ἐγὼ
1115 1641 1146 1680 δ’
1177 1642 1285 1690 ὑμῖν,
1313 1641 1411 1691 ἔφη,
1443 1641 1532 1690 πρὸς
1561 1635 1602 1685 ἣν

400 1733 447 1773 ἂν
483 1731 785 1778 καταστήσησθε
823 1732 1018 1772 πολιτείαν
1051 1733 1232 1780 εὐτρεπὴς
1261 1735 1327 1771 καὶ
1356 1732 1440 1771 οὔτε
1470 1731 1601 1781 ἄρχειν

398 1823 555 1871 ἀπαξιῶ
585 1826 668 1865 οὔτε
697 1822 892 1873 ἄρχεσθαι
908 1824 1123 1872 ἀναίνομαι.
1140 1825 1267 1865 Priori
1284 1826 1457 1865 membro
1473 1826 1605 1865 deesse

403 1916 500 1955 mihi
541 1915 697 1955 videtur
736 1915 901 1955 verbum
943 1915 1046 1968 quod
1073 1915 1305 1969 respondeat
1333 1917 1511 1968 sequenti
1539 1918 1605 1955 καὶ

403 2006 489 2046 οὔτε
509 2029 560 2034 -
575 2005 747 2056 οὶπαξιῶς
761 2019 839 2045 non
853 2007 974 2058 igitur
989 2007 1126 2044 dubito
1138 2007 1308 2045 inserere
1322 2010 1409 2058 post
1423 2006 1606 2055 εὐτρεπὴς

400 2098 565 2138 verbum
580 2099 705 2150 copul.
717 2096 809 2148 εἶμι,
824 2110 902 2150 quo
916 2097 1048 2138 addito
1062 2097 1160 2137 nihil
1177 2098 1345 2149 amplius
1359 2097 1607 2136 desiderabis.

459 2189 547 2230 Lib.
586 2188 643 2229 ΙΙ.
682 2202 715 2229 ο.
760 2191 795 2229 7.
837 2189 878 2229 in
905 2188 983 2229 fine
1010 2187 1082 2236 μία
1111 2187 1180 2236 μὲν
1208 2184 1306 2233 αὕτη
1334 2187 1508 2237 διοιίρεσι,ἱ
1536 2187 1606 2228 ὑπὸ

404 2280 598 2329 Ῥωμύλου
624 2282 700 2319 τῶν
728 2294 771 2319 τε
802 2280 941 2329 ἀνδρῶν
955 2282 1021 2318 καὶ
1035 2284 1103 2325 τῆς
1116 2280 1245 2329 χώρας
1260 2275 1281 2324 ἣ
1299 2279 1608 2329 περιέχουσα

405 2377 474 2424 τὴν
501 2373 620 2418 κοινὴν
649 2371 713 2412 καὶ
741 2371 932 2419 μεγίστην
959 2372 1139 2422 ἰσότητα,
1162 2370 1287 2410 τοιάδε
1301 2384 1359 2416 τις
1375 2366 1429 2414 ἦν.
1446 2370 1611 2410 Offendo

404 2465 446 2505 in
472 2463 663 2504 vocabulo
690 2462 921 2513 περιέχουσα
949 2462 1053 2516 quod
1075 2463 1116 2502 in
1141 2462 1245 2502 hune
1268 2462 1396 2502 locum
1413 2475 1492 2501 non
1511 2461 1611 2501 bene

409 2555 613 2606 convenit3
654 2555 722 2594 illa
765 2555 870 2594 enim
910 2554 1048 2593 divisio
1090 2567 1273 2605 agrorum
1302 2567 1380 2592 non
1408 2557 1490 2592 tam
1520 2565 1609 2590 con-
