1924 3118
972 357 1022 394 64

389 494 656 534 additamento
714 495 833 533 stulte
879 494 1153 547 redarguisset.
1200 494 1429 547 Legendum
1472 495 1604 547 igitur.

391 597 529 624 censeo
559 585 606 629 ὡς
634 583 719 623 οὐκ
748 584 811 622 ἐπὶ
840 584 942 633 κακῷ
973 584 1052 624 κτὲ.

438 673 527 713 Lib.
571 674 665 713 XX.
708 688 740 713 c.
785 676 821 713 6.
850 675 1013 724 (Kiessl.
1043 675 1117 714 IV.
1148 688 1186 727 p.
1219 676 1328 726 268.)
1358 675 1406 714 de
1435 675 1595 715 Bruttia

387 765 472 815 pice
517 765 571 803 sic
609 765 765 803 editur:
808 764 828 808 ἡ
867 764 904 802 δὲ
945 764 1108 808 πλείστη
1138 765 1204 804 καὶ
1230 763 1393 809 mov-dm
1423 738 1594 813 πιττουρ-

385 859 516 901 γεῖται
545 857 611 893 καὶ
642 854 805 904 παρέχει
834 858 968 894 πασῶν
997 852 1043 893 ὦν
1071 854 1180 902 ἴσμεν
1209 855 1317 903 ἡμεῖς
1333 854 1590 900 εὖωδεστοὶτην

387 959 430 983 τε
454 947 519 983 καὶ
544 945 870 992 γλυκυτάτην
899 949 967 994 τὴν
991 945 1225 993 καλουμένην
1239 946 1420 994 Βρεττίαν
1435 946 1589 986 πίτταν.

382 1035 615 1088 Suspectum
642 1036 739 1075 mihi
766 1040 825 1076 est
853 1039 1113 1083 γλυκυτάτην.
1142 1036 1324 1076 Fortasse
1352 1036 1588 1077 substituen-

381 1127 475 1166 dum
530 1128 934 1176 γλισχροτάτην,
992 1130 1271 1179 lentissimam,
1316 1128 1421 1180 quod
1462 1129 1586 1167 multo

381 1219 506 1271 magis
552 1232 641 1258 cum
669 1219 754 1271 pice
783 1220 990 1259 convenire
1017 1219 1114 1258 mihi
1141 1218 1298 1271 quidem
1326 1218 1494 1258 videtur.
1525 1217 1585 1258 cf.

381 1309 485 1361 quod
512 1310 665 1348 Plinius
693 1310 740 1349 de
767 1311 927 1349 Bruttia
955 1311 1039 1361 pice
1068 1313 1236 1349 testatur
1259 1309 1369 1348 Hist.
1385 1309 1480 1348 Nat.
1495 1309 1584 1348 Lib.

378 1399 495 1438 XVI.
541 1402 615 1438 11:
660 1400 819 1438 Bruttia
854 1401 925 1451 pix
955 1395 1098 1439 lentore
1126 1400 1176 1439 ab
1204 1400 1283 1438 alia
1309 1400 1396 1451 pice
1426 1399 1583 1448 differt3

378 1488 446 1529 sed
471 1502 549 1528 non
577 1502 648 1541 pro
676 1492 782 1529 certo
807 1489 960 1528 affirmo
988 1489 1163 1528 codicum
1190 1488 1396 1528 lectionem
1424 1487 1582 1528 mendo-

380 1593 463 1619 sam
492 1592 588 1619 esse.

433 1670 521 1710 Lib.
553 1670 647 1710 XX.
676 1684 708 1710 c.
741 1673 778 1710 9.
810 1670 971 1722 (Kiessl.
1000 1670 1073 1710 IV.
1104 1684 1142 1723 p.
1173 1671 1282 1721 269.)
1307 1671 1407 1710 latro
1422 1670 1580 1723 quidam

377 1761 532 1800 Samnis
573 1761 616 1800 τὸ
658 1761 728 1808 μὲν
769 1762 913 1810 πρῶτον
956 1760 1020 1799 ἐπὶ
1047 1764 1125 1806 τοῖς
1152 1759 1267 1809 ὄρεσιν
1294 1762 1485 1809 ἄγραυλον
1512 1761 1579 1799 καὶ

374 1852 549 1898 μείονα
593 1854 655 1891 τὸν
690 1853 773 1898 βίον
803 1855 920 1901 εἶχεν·
952 1854 1034 1890 ἐπεὶ
1064 1852 1101 1890 δὲ
1131 1856 1260 1891 πλεῖον
1289 1852 1355 1896 ἤδη
1384 1855 1450 1890 καὶ
1477 1850 1579 1897 ἄξιό-

373 1956 504 1991 μαχον
533 1941 648 1983 ἐδόκει
672 1942 894 1992 γεγονέναι,
923 1942 1031 1983 πόλιν
1048 1941 1187 1992 ἐχυρὰν
1204 1940 1574 1993 καταλαμβάνεται,

372 2033 451 2072 κτέ.
490 2033 538 2072 In
575 2034 681 2074 hisce
707 2034 840 2081 μείονα
867 2034 930 2074 τὸν
956 2033 1039 2082 βίον
1067 2034 1317 2075 emendatum
1344 2033 1499 2073 videtur
1525 2045 1577 2073 ex

370 2123 527 2162 πλείονα
570 2124 632 2163 τὸν
673 2124 757 2171 βίον
799 2125 903 2177 quod
943 2125 1033 2163 libri
1071 2124 1165 2163 dant
1193 2124 1260 2163 sed
1287 2136 1414 2175 neque
1439 2122 1572 2169 μείονα

368 2228 495 2266 neque
541 2216 699 2254 πλείονα
740 2229 897 2255 sensum
941 2217 1065 2255 ullum
1105 2215 1346 2267 probabilem
1370 2214 1570 2266 praebent.

368 2305 452 2346 Nec
494 2310 626 2347 tamen
681 2307 839 2347 difficile
883 2306 980 2346 mihi
1022 2305 1179 2346 videtur
1210 2306 1400 2358 conjicere
1426 2304 1520 2357 quid
1546 2318 1571 2344 a

365 2410 485 2437 manu
514 2398 683 2438 auctoris
707 2398 926 2451 profectum
956 2398 1019 2437 sit.
1050 2397 1213 2451 Saepius
1241 2397 1346 2438 enim
1360 2397 1569 2444 ἀγραυλεῖν

364 2501 454 2528 cum
478 2488 783 2528 πλανᾶσθαι
810 2489 1061 2542 conjungitur
1076 2493 1115 2529 et
1129 2487 1326 2537 ἆγραυλία
1340 2500 1429 2527 cum
1443 2490 1567 2531 πλάνη

363 2583 407 2620 ut
448 2580 536 2620 Lib.
576 2580 649 2620 VI.
693 2594 725 2620 c.
771 2582 835 2621 44.
880 2579 956 2619 δέον
998 2580 1068 2620 ὑπὸ
1108 2584 1197 2625 ταῖς
1232 2578 1463 2628 ἀγραυλίαις
1500 2580 1566 2618 καὶ
