1924 3118
975 392 997 427 9

438 527 525 567 Lib.
566 527 645 567 III.
687 541 719 567 c.
761 530 784 567 9
813 528 853 567 οὐ
881 527 957 576 γάρ
987 528 1029 577 δὴ
1061 528 1242 576 Σαβίνοις
1277 529 1346 576 μὲν
1377 554 1429 559 -
1457 533 1583 574 καλῶς

389 616 494 668 εἶχεν
533 642 583 649 --
622 618 984 676 μεταθέσθαιτοὺς
1010 619 1115 666 mma,-
1143 621 1190 665 ὡς
1218 619 1342 669 ἡμᾶς,
1380 621 1467 668 ὑμῖν
1498 621 1587 671 (Al-

389 711 517 761 banis)
547 710 583 748 δὲ
611 710 685 758 ἄρα
712 715 790 755 τοῖς
818 711 1140 758 συγγενεστάτοις
1164 736 1221 741 —
1251 713 1324 762 οὐχ
1349 711 1422 760 ἕξει
1448 716 1587 756 καλῶς.

390 801 554 854 Signum
593 802 858 854 interrogandi
899 816 1088 855 ponamus
1131 808 1218 856 post
1241 804 1314 852 οὐχ
1343 802 1416 850 ἕξει
1447 806 1587 847 καλῶς.

391 890 584 930 Hortatur
610 891 714 930 enim
742 891 833 931 Rex
860 892 1126 933 Romanorum
1155 893 1331 933 Albanos
1359 898 1403 933 ut
1426 894 1590 934 urbibus

390 983 469 1021 suis
498 982 690 1021 derelictis
719 983 887 1022 Romam
913 984 1142 1035 migrarent.

447 1074 581 1114 Solent
610 1076 650 1114 in
680 1075 873 1114 codicibus
901 1076 1003 1115 inter
1029 1089 1113 1115 sese
1136 1077 1318 1116 confundi
1344 1075 1524 1124 πράττειν
1551 1081 1589 1117 et

391 1165 661 1217 compendium
702 1164 811 1204 verbi
838 1163 1099 1212 προστάττειν.
1130 1166 1194 1205 Sic
1221 1168 1364 1219 legitur
1394 1167 1481 1206 Lib.
1510 1167 1589 1206 III.

392 1269 425 1294 c.
473 1258 531 1294 11.
577 1256 641 1294 οὐκ
683 1254 729 1293 ἂν
771 1255 950 1304 φθάνοιεν
993 1279 1043 1284 -
1089 1258 1338 1295 Λαουϊνιᾶται
1382 1260 1434 1295 τὰ
1462 1257 1589 1296 δίκαια

393 1345 725 1396 πράττοντεςς
754 1346 822 1384 ubi
849 1360 938 1385 cum
966 1346 1128 1385 Reiskio
1156 1348 1242 1399 lego
1270 1347 1591 1399 προστάττοντες,

392 1438 521 1477 minus
561 1441 666 1478 recte
700 1438 797 1477 mihi
823 1438 978 1477 videtur
1006 1438 1206 1490 Kiessling
1234 1439 1397 1478 verbum
1427 1440 1594 1491 simplex

393 1526 598 1572 τάττοντες
626 1527 802 1566 edidisse.
833 1527 944 1567 Idem
971 1529 1111 1567 vitium
1139 1528 1403 1581 deprehendes
1426 1542 1510 1581 cap.
1528 1531 1591 1568 23.

395 1619 569 1668 ejusdem
607 1619 721 1657 libri:
764 1617 896 1666 ἄρχειν
938 1621 1003 1656 καὶ
1046 1619 1098 1657 τά
1136 1619 1265 1657 δίκαια
1302 1619 1481 1666 πράττειν
1509 1621 1596 1671 lege

394 1707 655 1757 προστάττειν.

449 1799 536 1838 Lib.
566 1800 646 1838 III.
676 1813 708 1839 c.
738 1802 789 1839 32
813 1800 913 1840 med.
938 1801 1011 1840 hoc
1037 1801 1223 1853 legimus:
1249 1799 1399 1846 γίνεταί
1414 1813 1456 1837 τε
1471 1798 1595 1837 αὐτῶν

397 1892 439 1931 ἐκ
466 1891 713 1940 οι-οιροοίὊίιξεω,ἱ
741 1891 844 1938 άγὼν
872 1890 1034 1936 διέμενον
1064 1891 1140 1939 γάρ
1171 1889 1425 1939 ἀγχωμάλως
1453 1892 1591 1937 ἀγωνι-

394 1982 537 2032 ζόμενοι
566 1984 630 2019 καὶ
656 1979 885 2024 διελύθησαν
916 1981 987 2020 ὑπὸ
1015 1985 1083 2025 τῆς
1113 1980 1243 2025 νυκτὸς
1270 1979 1493 2029 ἀμφίλογον
1523 1993 1593 2017 κα-

395 2072 622 2118 ταλιπόντες
650 2073 692 2112 τὸ
721 2072 877 2119 νίκημα.
907 2073 1054 2112 Locum
1077 2073 1211 2125 procul
1235 2071 1352 2110 dubio
1367 2075 1594 2122 corruptum

397 2165 583 2205 Reiskius
624 2177 761 2210 sanare
802 2167 963 2203 conatur
1002 2163 1206 2203 inserendo
1233 2167 1321 2216 post
1349 2163 1453 2208 ἀγὼν
1482 2175 1595 2201 voca-

396 2256 533 2295 bulum
561 2256 608 2296 de
635 2268 704 2295 suo
732 2268 870 2308 nempe
899 2255 1071 2303 καρτερὸς
1087 2286 1097 2305 ,
1125 2268 1201 2307 quo
1230 2258 1361 2293 tamen
1388 2267 1467 2293 non
1495 2254 1595 2292 mul-

398 2351 483 2385 tum
511 2347 744 2398 proficimus.
774 2345 864 2384 Non
888 2347 992 2383 enim
1020 2346 1093 2384 hac
1120 2346 1168 2384 de
1195 2358 1312 2384 causa
1340 2344 1481 2383 acriter
1498 2357 1596 2396 pug-

399 2440 537 2477 natum
579 2441 637 2476 est
681 2437 864 2488 quoniam
906 2449 1030 2488 aequo
1057 2440 1182 2476 marte
1209 2436 1424 2476 certabant.
1455 2435 1599 2474 Portus

399 2528 593 2567 laboranti
633 2528 772 2566 melius
819 2528 1000 2566 subvenit
1041 2527 1280 2566 substituens
1318 2525 1355 2563 δὲ
1397 2538 1467 2578 pro
1508 2523 1597 2572 γὰρ.

402 2621 580 2661 Conabor
609 2624 740 2660 tamen
770 2634 820 2660 an
848 2621 986 2661 melius
1011 2620 1158 2673 aliquid
1190 2632 1404 2672 proponere
1433 2618 1599 2670 possim3
