1924 3118
896 346 947 384 25

331 488 396 524 καὶ
436 486 495 524 δύο
538 482 666 529 πόλεις
701 483 840 533 ἔχομεν
877 487 945 533 τὴν
981 484 1050 530 μὲν
1087 482 1179 529 μίαν
1216 482 1286 522 ὑπὸ
1321 481 1451 525 πενίας
1480 494 1524 518 τε

331 579 395 614 καὶ
444 577 613 621 ἀνάγκης
662 575 964 624 ἀρχομένην,
1010 577 1079 623 τὴν
1120 574 1153 613 δ’
1199 574 1268 613 ὑπὸ
1308 571 1412 621 ,κόρου
1455 573 1522 610 καὶ

314 662 483 713 ὕβρεως.
537 666 702 706 Offendo
742 667 783 706 in
818 666 1006 707 vocabulo
1043 662 1253 715 ἀρχομένην
1290 662 1393 716 quod
1437 674 1526 702 oum

332 754 402 793 ὑπὸ
445 755 576 799 πενίας
614 769 656 793 τε
695 761 760 793 καὶ
797 756 965 802 ἀνάγκης
1002 759 1074 794 cet.
1103 755 1286 806 conjungi
1313 766 1392 791 non
1414 753 1523 790 solet.

334 845 410 883 Sed
437 846 534 883 nihil
562 846 686 884 habeo
713 846 816 896 quod
843 847 1088 884 substituam.
1113 846 1288 884 Maxime
1313 845 1409 882 mihi
1432 844 1527 882 arri-

331 934 446 973 debat
487 934 694 985 ἐχομένην,
723 935 827 987 quod
853 936 1006 987 saepius
1035 948 1124 973 cum
1152 933 1215 971 ὑπ’
1243 931 1429 979 ἀνάγκης,
1460 930 1526 970 ὑπ’

328 1024 484 1071 ἀπορία,-
515 1025 780 1077 similibusque
809 1026 1059 1076 conjunctum
1087 1025 1285 1063 invenitur
1302 1054 1312 1073 ,
1342 1024 1411 1063 sed
1437 1024 1527 1074 reji-

330 1115 508 1154 ciendum
547 1120 641 1167 puto
683 1119 841 1167 propter
871 1116 956 1166 jam
985 1115 1103 1153 semel
1131 1127 1334 1153 occurrens
1364 1111 1526 1163 ἔχομεν;

331 1218 408 1244 non
422 1206 524 1244 enim
540 1206 664 1245 simile
678 1205 761 1244 veri
775 1209 833 1244 est
848 1208 1045 1244 auctorem
1061 1204 1244 1244 edidisse:
1261 1203 1400 1253 ἔχομεν
1417 1200 1526 1241 πόλιν

330 1294 511 1344 ἐχομένην
548 1295 618 1334 ὑπὸ
650 1294 792 1340 πενίας.
821 1295 928 1333 Num
954 1295 1052 1334 forte
1078 1296 1157 1347 legi
1183 1298 1310 1347 potest
1338 1293 1527 1341 ἀγομένην

328 1391 396 1425 aut
425 1385 628 1434 φερομένην
644 1387 662 1424 Ρ

382 1477 508 1516 Valde
536 1477 740 1528 inquinata
767 1489 850 1516 esse
878 1489 978 1528 quae
1005 1477 1189 1527 leguntur
1217 1475 1304 1514 Lib.
1321 1475 1394 1516 VL
1411 1488 1443 1515 c.
1461 1477 1524 1514 41.

332 1566 416 1604 init.
446 1579 516 1618 pro
543 1569 649 1605 certo
677 1565 814 1605 habeo.
831 1565 919 1616 (Est
935 1578 1024 1617 pars
1039 1566 1224 1604 orationis
1239 1566 1390 1604 Valerii
1404 1565 1524 1603 dicta-

329 1656 424 1694 toris
452 1669 569 1707 quam
597 1656 735 1695 habuit
762 1660 807 1695 ut
822 1657 1009 1708 populum
1025 1655 1247 1695 hortaretur
1261 1656 1381 1695 alacri
1395 1656 1524 1695 animo

331 1746 477 1786 bellum
504 1746 689 1786 adversus
719 1746 878 1799 Aequos
901 1750 940 1786 et
965 1746 1129 1786 Sabinos
1154 1750 1193 1786 et
1222 1746 1384 1786 Volscos
1409 1747 1527 1786 susei-

328 1838 436 1889 pere)
460 1836 501 1875 οὐ
529 1836 605 1883 γὰρ
634 1836 750 1881 δήπου
778 1836 1049 1883 συνεξαπατᾶν
1080 1837 1181 1883 ὑμᾶς
1197 1838 1443 1883 ἐπιστάμενον
1459 1837 1526 1881 την

327 1927 478 1970 οὶπάτην
501 1950 551 1955 —-
577 1926 890 1973 ὑπολαμβάνετε.
916 1927 947 1965 εἱ
974 1926 1050 1975 γὰρ
1064 1932 1190 1965 ταῦτα
1208 1928 1295 1974 ὑμῖν
1311 1927 1524 1976 εἷο-ἔρχεται

329 2019 411 2065 περὶ
450 2016 562 2063 ἐμοῦ,
597 2017 643 2059 ὡς
685 2015 865 2055 ἁπάντων
905 2014 1107 2065 ἀνθρώπων
1152 2017 1465 2066 κακουργοτάτῳ,
1508 2015 1530 2057 δ’

327 2122 364 2147 τι
392 2107 586 2155 βούλεσθε
612 2106 797 2157 χρώμενοί
810 2122 871 2154 μοι
890 2138 1005 2148 .....
1021 2111 1163 2154 ταύτης
1178 2107 1247 2155 μὲν
1262 2112 1330 2153 τῆς
1346 2107 1526 2160 ὑποψίας,

331 2199 412 2246 ἐμοὶ
442 2200 674 2245 πειθόμενοι,
704 2198 776 2244 τὰς
792 2198 929 2248 ψυχας
944 2199 1238 2248 ἐλευθερώσατε·
1255 2223 1305 2228 -
1323 2199 1525 2249 προθύμως

329 2287 388 2329 οὖν
427 2290 687 2330 ἀποδύσασθε.
728 2292 929 2331 Nonnulla
954 2296 1042 2345 post
1069 2290 1254 2341 χρώμενοί
1282 2306 1343 2338 μοι
1373 2294 1527 2332 interci-

333 2383 472 2423 derunt
513 2383 616 2435 quod
648 2384 733 2436 jam
770 2384 917 2424 Reiske
944 2387 983 2423 et
1013 2383 1213 2436 Kiessling
1239 2387 1345 2423 reete
1371 2396 1529 2423 monue-

330 2479 434 2515 runt.
477 2475 564 2521 Qua
591 2488 683 2514 vero
711 2476 861 2515 ratione
888 2476 1029 2515 lacuna
1056 2475 1249 2527 explenda
1276 2476 1365 2514 est?
1394 2474 1530 2514 Kiess-

332 2568 415 2619 ling
458 2567 554 2607 duce
582 2567 745 2607 Reiskio
771 2567 1020 2606 inserendum
1045 2570 1157 2619 putat
1185 2567 1249 2605 οὐκ
1274 2564 1320 2604 ἂν
1343 2567 1529 2615 φθάνοιτε
