1924 3118
895 377 944 414 39

320 514 462 552 haereo
504 527 554 552 an
596 526 666 565 pro
706 513 845 551 ultimo
885 512 1074 552 vocabulo
1114 513 1427 553 substituendum
1471 516 1521 554 sit

321 604 601 651 ἀποθεμένους,
643 604 747 656 quod
775 604 900 643 Attici
929 608 1034 642 certe
1062 605 1132 642 tali
1160 606 1200 642 in
1230 614 1272 643 re
1301 610 1523 645 constanter

321 695 519 734 adhibent.
563 695 776 747 Dionysius
818 696 901 746 ipse
929 707 999 733 nos
1027 694 1077 733 ad
1100 695 1408 735 emendationem
1436 709 1523 747 pro-

320 786 486 837 positam
513 785 653 824 ducere
681 784 835 824 videtur
862 784 950 823 Lib.
982 784 1079 823 VII.
1109 798 1141 823 c.
1174 787 1234 824 18.
1252 785 1318 824 ubi
1334 786 1520 837 legimus:

320 876 415 914 ἔνθα
442 875 718 922 ὑπελάμβανόν
745 889 849 919 τινας
877 876 1039 922 εὑρήσειν
1066 875 1345 922 ἀποκειμένας
1364 877 1521 925 τροφάς.

322 966 416 1019 Cap.
453 968 512 1006 14.
542 966 715 1018 ejusdem
743 966 833 1006 libri
863 966 1011 1006 codices
1036 968 1177 1006 iterum
1194 980 1298 1015 παρα
1314 967 1521 1023 exhibent:

321 1056 469 1101 ἐκείνοις
504 1057 573 1103 μὲν
602 1058 675 1105 γὰρ
705 1053 798 1095 εἶναι
827 1059 892 1095 καὶ
922 1057 1066 1107 τροφὰς
1100 1057 1137 1095 ἐν
1166 1057 1316 1106 ἀφανεῖ
1342 1070 1523 1106 παρακει-

322 1148 440 1195 μένας
481 1147 545 1187 καὶ
586 1148 796 1198 χρήματα,
838 1149 906 1187 ubi
947 1153 1078 1188 tamen
1110 1149 1329 1200 Kiesssling
1368 1153 1524 1188 auctore

325 1240 476 1279 Sinteni
504 1239 817 1279 substituendum
845 1244 975 1279 censet
1004 1238 1281 1290 οέποκειμένας;
1308 1253 1407 1291 quae
1436 1253 1524 1279 con-

317 1331 473 1382 jectura
507 1331 539 1368 si
566 1343 659 1369 vera
686 1334 745 1369 est
773 1330 908 1369 eadem
936 1342 1055 1382 opera
1081 1328 1328 1378 παραθέσθαι
1357 1330 1525 1370 mutabit

323 1423 363 1460 in
400 1420 637 1472 ἀποθέσθαι,
671 1435 792 1474 quum
820 1422 919 1461 nihil
941 1423 1107 1461 attineat
1135 1423 1351 1474 perfectum
1369 1422 1526 1474 quidem

323 1518 500 1564 mutare,
530 1515 717 1553 aoristum
743 1526 836 1553 vero
860 1515 1052 1553 intactum
1079 1515 1309 1566 relinquere.

377 1605 535 1643 Leviter
577 1604 847 1656 corrigendum
890 1609 985 1657 puto
1023 1605 1110 1644 Lib.
1140 1604 1215 1643 IX.
1246 1618 1277 1643 c.
1307 1606 1371 1643 29.
1397 1604 1461 1643 τὸν
1489 1603 1527 1642 δὲ

323 1696 432 1741 λιμὸν
461 1696 527 1734 οὐκ
555 1696 607 1741 εἷς
636 1697 784 1743 μακρὰν
810 1694 964 1734 ἔπαυσα
980 1698 1120 1745 τροφῆς
1134 1695 1308 1744 ἀφθόνου
1324 1693 1526 1742 πληρώσας

322 1787 394 1833 τα,-
437 1788 589 1836 οἷγοράς,
632 1791 697 1826 καὶ
738 1791 816 1831 τοῖς
860 1788 947 1833 μετ’
993 1787 1140 1826 αὑτὸν
1183 1785 1342 1831 ὑπάτοις
1384 1785 1452 1830 τήν
1480 1799 1522 1823 τε

322 1877 449 1926 χώραν
475 1877 673 1926 παρέδωκα
690 1875 813 1916 ὅπλων
830 1877 1017 1924 πολεμίων
1035 1877 1236 1926 ἐλευθέραν
1252 1886 1338 1916 κτλ.
1357 1877 1523 1917 offendo

322 1969 363 2006 in
400 1966 489 2013 μετ’
529 1964 663 2017 αὐτόν,
691 1981 761 2019 pro
790 1981 867 2019 quo
894 1981 983 2006 cum
1012 1968 1093 2007 cod.
1124 1968 1308 2007 Chisiano
1337 1968 1425 2013 μετ’
1455 1966 1523 2013 ἐμέ

323 2058 587 2110 reponendum
616 2070 763 2096 censeo.
798 2057 986 2096 Servilius
1018 2058 1086 2109 qui
1114 2058 1245 2110 priore
1275 2071 1376 2096 anno
1392 2058 1526 2096 consul

325 2149 452 2188 fuerat
507 2162 547 2187 se
588 2148 693 2200 apud
733 2148 921 2200 populum
960 2148 1168 2188 defendens
1209 2149 1250 2187 in
1299 2149 1525 2188 memoriam

323 2241 545 2280 auditorum
571 2243 728 2279 revocat
757 2252 798 2279 se
822 2239 950 2279 dubiis
977 2244 1017 2279 et
1035 2241 1271 2280 turbulentis
1286 2241 1526 2293 temporibus

323 2332 602 2384 rempublicam
657 2344 857 2382 servasse3
899 2332 1024 2372 obiter
1067 2333 1303 2372 mentionem
1347 2333 1438 2372 facit
1480 2332 1527 2371 de

325 2423 514 2474 Verginio
541 2423 689 2474 collega
712 2435 781 2461 suo
797 2453 807 2472 ,
833 2423 901 2462 sed
927 2423 991 2462 hic
1007 2423 1055 2463 de
1067 2436 1150 2463 sese
1165 2424 1349 2475 loquitur.
1365 2423 1525 2462 Rationi

324 2516 444 2567 igitur
494 2517 796 2553 consentaneum
845 2518 903 2553 est
954 2528 1044 2554 eum
1086 2516 1261 2554 consules
1303 2515 1526 2567 posterioris

325 2607 417 2645 anni
445 2619 532 2644 suos
561 2618 797 2644 successores
821 2607 1048 2658 appellasse.
