1924 3118
906 370 954 407 15

335 509 595 561 expunxerim
640 512 685 547 ut
725 519 1055 560 supervacaneum
1101 511 1141 546 et
1184 519 1235 545 ex
1271 505 1537 557 dittographia

331 604 480 639 natum⁴

389 691 582 729 Codicum
627 691 742 729 leetio
783 691 824 728 in
865 691 1062 740 integrum
1102 688 1201 727 mihi
1235 688 1390 727 videtur
1420 687 1531 726 resti-

337 780 482 820 tuenda
518 780 651 820 eodem
680 794 764 832 cap.
796 780 868 820 sub
896 780 962 819 fin.
990 780 1058 819 ubi
1085 779 1285 830 Kiessling
1315 778 1455 818 edidit:
1485 801 1535 806 —-

340 870 613 918 ἐνθυμούμενον
643 868 698 909 ἔτι
728 875 806 916 τοῖς
833 871 902 917 μὲν
929 870 1062 915 ἄλλοι,-
1085 869 1313 917 οέδικήμασιν
1327 868 1537 916 γενομένοις

342 960 560 1010 ὀργίζεσθαι
597 963 814 1011 πεφύκασιν
855 959 1047 1008 ἅπαντες,
1088 959 1262 1010 προδοσίᾳ
1290 960 1328 998 δὲ
1357 961 1422 999 καὶ
1449 960 1538 998 ὑπο-

337 1051 546 1100 πτευομένῃ
575 1051 864 1101 σωφρονέστερον
895 1052 1162 1099 ἡγούμενοι
1192 1075 1243 1081 -—
1267 1051 1385 1099 αὐτὴν
1409 1052 1535 1100 φυλά-

333 1140 493 1187 ξασθαι.
522 1142 601 1182 Pro
626 1141 822 1190 ἡγούμενοι
847 1142 1034 1182 exhibent
1057 1142 1206 1182 codices
1221 1142 1412 1190 ἡγοῦνται,
1430 1142 1534 1194 quod

334 1233 526 1272 intactum
561 1246 762 1273 remanere
798 1234 995 1286 oportuit3
1024 1225 1273 1286 opponuntur
1301 1234 1406 1273 enim
1432 1234 1535 1272 inter

336 1336 443 1361 sese:
476 1336 610 1362 omnes
640 1324 764 1363 solent
790 1325 850 1362 ira
877 1324 1158 1364 excandescere
1186 1325 1420 1375 (πεφύκασιν
1436 1323 1535 1371 ὄργι’-

333 1412 486 1465 ζεσθαι)
528 1418 568 1453 et
609 1427 776 1466 magnae
816 1427 900 1454 esse
939 1414 1170 1467 prudentiae
1205 1415 1433 1455 existimant
1461 1415 1535 1455 sibi

334 1517 471 1543 cavere
513 1503 820 1554 (σωφρονέστερον
849 1505 1028 1551 ἡγοῦνται
1057 1505 1326 1554 φυλάξασθαι.
1356 1507 1535 1553 ἡγοῦνται

332 1608 454 1647 aeque
482 1610 527 1636 ae
555 1599 752 1646 πεφύκασι
781 1598 925 1650 pendet
955 1612 980 1637 a
1010 1599 1258 1650 praecedenti
1284 1597 1354 1639 ἔτι.

385 1685 473 1726 Lib.
519 1686 569 1725 V.
612 1700 644 1726 e.
693 1689 754 1727 13.
798 1689 864 1727 καὶ
906 1689 1194 1738 συνεπλήρωσαν
1236 1688 1278 1736 ἐξ
1307 1688 1434 1728 αὐτῶν
1468 1693 1536 1740 τῆς

331 1775 473 1824 βουλῆς
522 1776 609 1821 τοὺς
658 1778 897 1825 τριακοσίους.
956 1779 1156 1832 Kiessling
1203 1793 1274 1832 pro
1314 1782 1536 1820 accusativo

332 1865 474 1910 βουλήν
516 1867 564 1905 de
606 1881 675 1906 suo
704 1870 922 1919 genitivum
952 1870 1154 1908 substituit
1183 1875 1223 1909 et
1253 1870 1339 1915 τοὺς
1368 1885 1438 1922 pro
1468 1872 1533 1915 εἷς.

333 1954 478 1994 Libens
507 1957 673 1996 concedo
700 1959 934 2010 exquisitius
961 1972 1045 1999 esse
1068 1960 1172 2012 quod
1197 1962 1256 2000 vir
1280 1961 1380 2001 doct.
1396 1975 1535 2014 propo-

333 2045 418 2096 nit,
471 2047 784 2099 quandoquidem
821 2049 907 2101 jam
949 2049 1187 2102 Tarquinius
1229 2051 1429 2104 Superbus
1472 2052 1538 2102 (ef.

333 2135 413 2174 ΙΙΙ.
443 2149 476 2174 e.
508 2138 590 2187 67.)
618 2150 826 2177 numerum
856 2138 1090 2179 Senatorum
1116 2140 1166 2179 ad
1192 2144 1386 2180 trecentos
1413 2155 1534 2180 auxe-

332 2229 406 2264 rat.
451 2226 561 2271 Quae
599 2231 731 2267 tamen
759 2229 908 2269 codices
933 2231 1122 2270 exhibent
1149 2245 1227 2271 non
1253 2236 1336 2271 tam
1365 2233 1534 2271 absurda

331 2319 422 2354 sunt
451 2319 496 2355 ut
522 2330 593 2369 pro
620 2322 725 2358 certo
751 2319 1029 2360 affirmaverim
1058 2321 1175 2361 Dion.
1203 2321 1299 2361 haee
1333 2335 1411 2361 non
1439 2323 1534 2362 scri-

333 2404 426 2445 bere
465 2407 663 2458 potuisse3
706 2421 827 2460 quare
869 2411 1022 2450 cautius
1046 2411 1144 2450 mihi
1172 2411 1326 2452 videtur
1347 2412 1411 2452 hie
1437 2413 1536 2452 nihil

330 2500 495 2549 mutare.

383 2587 536 2641 Majora
572 2588 669 2628 mihi
709 2590 1054 2633 animadvertenda
1090 2593 1273 2634 videntur
1301 2594 1389 2636 Lib.
1422 2595 1474 2636 V.
1504 2609 1535 2638 e.
