1924 3118
935 387 982 423 61

367 523 555 573 προβολῆς
580 524 633 569 εἷς
660 522 712 562 τὰ
740 507 887 570 orheim&
913 521 1109 573 βάψας,
1139 521 1218 561 κτὲ.
1247 521 1374 566 Quam
1388 520 1557 573 primum

359 628 430 668 pro
458 615 604 654 aoristo
630 613 768 662 βάψας
796 613 972 652 futurum
994 612 1133 661 βάψων
1147 625 1230 652 esse
1244 610 1557 651 substituendum

360 708 448 745 luce
468 706 630 753 ‚clarius
666 708 751 755 est3
779 704 918 743 Gallus
944 704 1048 743 enim
1075 704 1116 742 in
1143 716 1188 743 eo
1215 706 1298 742 erat
1326 706 1370 741 ut
1397 702 1554 751 feriret,

360 796 534 836 nondum
576 795 745 836 ferierat.
791 794 909 835 Certa
950 798 1082 834 autem
1118 797 1177 833 est
1211 794 1277 833 lex
1306 792 1554 846 participium

360 887 483 925 futuri
500 886 674 926 adhiberi
689 885 739 925 ad
749 886 951 925 consilium
961 885 1108 937 aliquid
1117 884 1281 924 faciendi
1292 883 1552 922 indicandum.

412 978 499 1016 Lib.
543 977 658 1017 XVI.
690 991 723 1016 c.
754 979 791 1016 8.
821 977 982 1027 (Kiessl.
1011 977 1085 1016 IV.
1115 991 1152 1029 p.
1182 978 1291 1027 224.)
1318 977 1429 1028 gravi
1457 977 1554 1016 vitio

354 1068 519 1107 laborat.
561 1068 686 1120 Gajus
727 1068 932 1108 Laetorius
972 1068 1152 1107 tribunus
1180 1049 1350 1107 militum
1379 1068 1420 1106 in
1448 1067 1551 1107 bello

355 1158 567 1197 Samnitico
607 1158 874 1197 contubernali
911 1171 980 1197 suo
1003 1159 1142 1209 juveni
1170 1158 1446 1197 formosissimo
1473 1159 1554 1197 vim

356 1249 494 1289 afferre
533 1253 693 1288 conatus
734 1252 839 1299 erat3
881 1261 959 1300 qua
999 1261 1042 1288 re
1080 1248 1214 1288 audita
1241 1248 1351 1301 plebs
1378 1249 1552 1288 omnium

356 1352 544 1378 consensu
570 1338 767 1386 hominem
793 1338 1043 1378 libidinosum
1073 1342 1112 1378 et
1141 1338 1407 1391 impudentem
1425 1339 1553 1391 capite

355 1430 555 1469 damnavit
582 1429 647 1468 οὐκ
675 1427 790 1475 ἀξιῶν
819 1429 871 1474 εἷς
899 1427 1083 1477 ἐλεύθερα
1106 1428 1270 1476 σώματα
1287 1432 1352 1467 καὶ
1370 1437 1551 1478 προπολε-

354 1521 500 1566 μοῦντα
549 1524 618 1565 τῆς
671 1522 746 1558 τῶν
796 1523 923 1559 ἄλλων
963 1521 1182 1568 ἐλευθερίας
1222 1520 1309 1565 τοὺς
1350 1521 1396 1559 ἐν
1440 1525 1553 1564 ταῖς

354 1608 416 1648 ἄλ
433 1618 547 1655 λαις
588 1609 698 1655 ὄντας
734 1613 918 1660 ἀρχαῖς
947 1610 1107 1660 ὑβρίζειν
1133 1609 1205 1656 τὰς
1233 1610 1458 1655 ἀνηκέστους
1487 1614 1551 1649 καὶ

354 1700 460 1749 παρὰ
488 1699 604 1750 φύσιν
632 1705 710 1747 τοῖς
737 1699 880 1751 ἄρρεσιν
909 1699 1047 1751 ὕβρεις.
1078 1702 1316 1755 Corruptum
1344 1706 1403 1742 est
1418 1702 1553 1754 procul

353 1791 471 1830 dubio
513 1792 550 1830 ἐν
594 1796 682 1838 ταῖς
724 1790 867 1838 ἄλλαις
894 1768 1057 1842 nemete,
1088 1793 1193 1846 quod
1218 1806 1373 1833 sensum
1400 1793 1552 1831 nullum

357 1880 484 1920 affert.
516 1881 721 1926 Quodnam
750 1883 854 1922 enim
881 1896 1024 1922 munus
1051 1884 1093 1922 in
1119 1887 1252 1922 nostro
1266 1884 1394 1934 capite
1408 1895 1552 1922 memo-

354 1973 465 2009 ratur
517 1972 621 2023 quod
662 1972 769 2012 hisce
812 1973 907 2012 aliis
946 1973 1172 2012 muneribus
1213 1973 1354 2025 opponi
1394 1972 1516 2024 possit
1531 1973 1549 2010 Ρ

352 2060 523 2101 Frustra
565 2063 744 2115 quaeris3
788 2063 836 2103 de
862 2076 941 2104 uno
966 2067 1121 2103 tantum
1147 2075 1308 2103 munere
1334 2075 1474 2116 nempe
1502 2062 1549 2102 de

353 2152 558 2192 tribunatu
587 2155 756 2193 militum
778 2154 925 2193 mentio
952 2154 1009 2193 fit.
1039 2153 1066 2193 J
1067 2167 1131 2193 am
1155 2153 1301 2192 Reiske
1315 2157 1476 2192 conatus
1490 2158 1549 2191 est

351 2243 538 2283 librorum
588 2245 755 2301 ineptias
803 2244 995 2297 probabili
1043 2244 1265 2296 conjectura
1305 2256 1547 2285 summovere

350 2346 471 2385 quum
511 2338 687 2374 censeret
734 2338 826 2374 ante
867 2337 953 2379 ταῖς
995 2331 1136 2377 ἄλλαις
1176 2334 1365 2375 excidisse
1394 2336 1431 2373 ἒν
1459 2340 1547 2381 ταῖς

350 2424 601 2472 στρατηγίαις
655 2428 748 2469 καεὶς
791 2425 859 2464 sed
904 2426 978 2465 hac
1017 2426 1174 2477 quidem
1215 2427 1437 2477 conjectura
1476 2428 1551 2467 loci

349 2515 557 2556 difficultas
599 2529 678 2556 non
721 2516 897 2567 tollitur,
939 2516 1070 2555 nullus
1111 2516 1215 2556 enim
1240 2516 1348 2556 locus
1374 2516 1439 2557 hic
1464 2530 1549 2558 esse

321 2609 476 2660 ‘potest
512 2606 783 2647 molestissimo
811 2609 899 2653 ταῖς
926 2608 1082 2654 ἄλλαις.
1110 2607 1201 2649 Mea
1228 2609 1423 2650 sententia
1450 2609 1550 2651 nihil
