1924 3118
928 340 978 377 26

346 477 409 515 vel
436 476 515 515 tale
541 476 647 528 quid.
676 476 767 516 Non
796 478 981 530 refragor.
1012 478 1089 518 Sed
1115 479 1189 518 hac
1216 480 1440 531 conjectura
1457 492 1553 518 non·

344 566 438 605 dum
461 568 568 606 locus
591 580 749 619 prorsus
773 572 933 608 sanatus
948 569 1044 608 mihi
1059 570 1217 621 quidem
1234 570 1399 610 videtur.
1418 570 1555 623 Oppo-

346 661 494 696 nuntur
523 659 625 697 inter
656 672 739 698 sese
761 660 808 704 ὤ,-
832 654 1011 698 ainohun->v
1036 660 1241 708 ἀνθρώπων
1257 660 1549 709 κακουργοτάτῳ

348 770 398 775 -
434 747 620 795 χρώμενοί
647 761 710 794 μοι
738 753 778 788 et
804 755 872 797 τῆς
902 749 1068 798 ὑποψίαις
1097 774 1148 779 -
1177 749 1249 793 τοὶς
1278 750 1418 799 ψυχὰς
1448 751 1554 789 ἐλευ-

349 837 543 886 θερώσατε
586 844 686 890 cet.;
724 840 870 879 frustra
897 842 1053 892 quaeris
1080 841 1119 880 id
1147 841 1250 894 quod
1277 841 1465 889 χρώμενοί
1492 855 1555 888 μοι

347 934 387 969 et
426 928 571 974 ταύτης
612 929 680 976 μὲν
697 930 788 969 rui-E.
817 935 923 970 recte
950 932 1174 984 conjungat.
1202 932 1384 984 Namque
1413 932 1550 971 absur-

350 1020 553 1059 dissimum
597 1025 654 1060 est
683 1022 803 1060 verba
830 1022 983 1061 Valerii
1010 1024 1066 1061 ita
1093 1024 1269 1075 accipere
1297 1024 1409 1075 quasi
1437 1024 1556 1074 signi-

350 1112 537 1151 ficarent:
571 1113 602 1150 si
633 1113 868 1152 existimatis
898 1126 960 1154 me
991 1126 1070 1151 una
1099 1126 1187 1152 oum
1212 1117 1351 1153 senatu
1373 1126 1442 1153 vos
1457 1113 1558 1153 deoi-

351 1216 444 1255 pere
466 1204 588 1253 velle‚
613 1207 780 1242 tractate
797 1217 859 1243 me
874 1207 918 1242 ut
934 1204 1131 1243 hominem
1146 1205 1320 1243 omnium
1334 1205 1558 1243 mortalium

353 1294 756 1333 frauduientissimum
803 1294 1001 1333 arbitratu
1042 1298 1110 1333 tuo
1127 1326 1136 1342 ‚
1180 1294 1383 1333 dummodo
1425 1294 1559 1333 habita

352 1383 451 1422 mihi
494 1383 571 1433 fide
610 1384 727 1422 istam
767 1384 1025 1434 suspicionem
1064 1397 1111 1422 σεε
1138 1384 1284 1422 animis
1309 1384 1447 1422 vestris
1481 1385 1559 1423 ewi-

354 1475 483 1513 matis.
515 1473 661 1512 Omnes
692 1474 762 1512 has
790 1474 958 1525 ineptias
986 1474 1202 1513 removebis
1226 1475 1258 1513 si
1281 1474 1312 1512 εἰ
1337 1474 1374 1512 δὲ
1395 1476 1448 1522 μὴ
1466 1477 1557 1513 ante

355 1564 501 1609 ταύτης
546 1564 615 1611 μὲν
654 1565 844 1604 excidisse
872 1569 999 1616 putas.
1073 1541 1076 1544 Ι

408 1656 503 1696 Post
546 1669 671 1708 panea
711 1656 807 1695 haee
849 1656 1053 1707 leguntur:
1098 1653 1299 1703 προθύμως
1339 1651 1399 1694 οὖν
1437 1655 1557 1694 οἷσι-ο·

354 1746 604 1791 women,
635 1749 701 1785 xxc*
736 1745 885 1792 δείξατε
914 1746 1041 1790 αὐτοῖς
1068 1743 1123 1784 ὅτι
1153 1746 1217 1785 καὶ
1245 1745 1501 1795 στασιάζουσαι
1531 1746 1551 1791 ἦ

355 1837 547 1886 Ῥωμαίων
589 1836 746 1885 δύναμις
787 1837 963 1886 κρείττων
1007 1836 1136 1886 ἑτέρας
1177 1837 1281 1876 ἐστὶν
1323 1837 1558 1885 ὁμονοούσης.

350 1931 400 1970 In
441 1931 546 1969 hisce
590 1927 885 1972 ἀποδύσασθαι,
931 1932 975 1967 ut
1005 1928 1206 1979 Kiessling
1235 1928 1276 1967 in
1304 1928 1557 1967 annotatione

348 2034 419 2060 sua
459 2025 564 2060 recte
604 2020 806 2070 observat,
848 2020 962 2059 nihili
1004 2032 1088 2058 esse
1131 2031 1263 2058 omnes
1297 2019 1364 2071 qui
1396 2019 1583 2071 sapiunt,

345 2112 609 2162 consentient3
651 2111 718 2151 sed
759 2124 886 2164 neque
928 2111 1010 2150 sine
1051 2110 1233 2162 scrupulo
1261 2110 1361 2149 ferre
1394 2122 1553 2163 possum

352 2203 594 2250 ἀποδέξασθε
637 2203 742 2256 quod
783 2215 833 2241 ex
875 2202 1004 2241 codiee
1040 2201 1235 2240 Urbinate
1261 2200 1322 2239 vir
1350 2200 1450 2239 doct.
1483 2213 1553 2252 pro

351 2310 397 2336 eo
439 2295 754 2335 substituendum
781 2297 908 2345 putat.
937 2292 1062 2331 Credo
1090 2291 1324 2330 sententiam
1351 2291 1551 2342 requirere

356 2387 519 2426 verbum
560 2385 784 2437 significans
810 2396 924 2423 arma
951 2382 1139 2431 induerey
1169 2379 1430 2427 ἀποδέξασθαι
1461 2394 1554 2421 vero

352 2483 411 2519 est
434 2478 552 2529 fidem
566 2477 705 2516 habere
716 2507 725 2527 ‚
735 2476 907 2528 probare
913 2489 928 2523 ,·
944 2474 998 2514 sio
1012 2478 1117 2514 recte
1131 2472 1273 2513 dieitur
1286 2470 1551 2519 ἀποδέξασθαι

356 2569 563 2617 διαβολὰς,
596 2568 848 2616 κατηγορίαις,
880 2566 942 2605 τὸν
972 2568 1085 2610 λόγον
1115 2565 1209 2613 sim3
1241 2564 1344 2617 quod
1373 2578 1396 2602 a
1426 2568 1559 2602 nostro
