1924 3118
956 346 1007 384 58

311 501 316 506 ·
375 488 453 520 non
488 481 563 520 nisi
591 481 810 534 gladiorum
837 483 1000 522 vulnera
1029 483 1238 523 habebant.
1268 484 1507 535 Praeterea,
1537 487 1582 523 ut

373 571 447 611 hoc
487 585 609 611 unum
654 573 792 612 addam
811 603 821 623 ‚
863 578 1112 626 opponuntur
1153 575 1255 614 inter
1297 588 1380 614 sese
1419 576 1583 615 vulnera

374 663 490 703 Siooii
518 668 557 704 et
585 665 669 715 ejus
697 665 880 717 armigeri
909 669 948 705 et
976 666 1140 705 vulnera
1167 669 1410 717 ceterorum3
1435 667 1468 705 si
1491 679 1583 706 vero

372 754 518 806 pariter
561 766 695 792 omnes
737 754 873 793 eadem
914 755 1064 794 ratione
1107 756 1302 795 vulnerati
1335 759 1426 794 sunt
1452 756 1583 794 nullus

373 845 606 897 oppositioni
648 846 755 884 locus
797 858 881 884 esse
919 849 1060 897 potest.
1090 845 1235 885 Libens
1265 846 1386 898 igitur
1416 846 1584 898 amplec-

373 940 433 975 tor
484 936 596 975 Porti
637 937 900 987 conjecturam
943 937 1010 987 qui
1051 937 1180 975 locum
1223 936 1482 988 depravatum
1529 937 1583 975 sio

372 1027 553 1067 emendat
590 1031 629 1066 et
667 1028 824 1079 explet:
857 1029 998 1072 mim-s,-
1026 1029 1231 1076 μαχοιιρῶν
1263 1025 1347 1074 μέν,
1378 1026 1576 1076 χερμάδων

370 1116 408 1155 δὲ
438 1116 458 1162 ἢ
490 1117 646 1157 σοιυνίων
678 1116 697 1162 ἢ
725 1117 863 1165 βέλους
891 1117 1068 1165 οὐδεμίαν
1096 1117 1249 1164 πληγὴν
1279 1113 1396 1166 εἶχον.

425 1207 513 1247 Lib.
556 1208 631 1247 XI.
669 1221 701 1247 o.
732 1210 796 1248 29.
824 1207 968 1252 ταύτην
996 1207 1156 1247 κύουσαν
1187 1208 1207 1253 ἧ
1239 1207 1455 1256 Οὐεργινίου
1483 1208 1577 1254 γυνὴ

375 1323 426 1328 —
454 1278 921 1439 εἱσοδίοινβκῖοθὲ.
949 1299 1090 1338 Melius
1114 1312 1201 1339 mea
1215 1299 1372 1351 quidem
1387 1300 1581 1338 sententia

375 1388 540 1433 εῐσόδιον;
566 1390 665 1428 form
714 1390 845 1429 femin.
866 1402 953 1441 gen.
979 1389 1097 1440 hujus
1121 1389 1320 1439 vocabuli,
1344 1389 1420 1427 nisi
1444 1388 1578 1439 fallor,

375 1492 453 1518 non
480 1479 701 1518 adhibetur.

428 1569 516 1609 Lib.
559 1569 635 1609 XI.
675 1582 759 1622 cap.
800 1571 863 1608 34.
891 1570 1074 1608 τεκοῦσαν
1102 1567 1170 1615 μὲν
1200 1567 1276 1617 γὰρ
1305 1570 1474 1616 ἀνάγκην
1502 1570 1577 1608 τῶν

372 1662 508 1701 τέκνων
551 1661 786 1709 δεομένην
829 1662 1000 1710 στέργειν
1042 1663 1107 1700 καὶ
1153 1660 1329 1712 τρέφειν,
1365 1665 1386 1701 ὅ
1419 1675 1456 1700 τι
1483 1660 1574 1705 ἂνὴ

371 1757 488 1805 Φύσις
532 1754 726 1806 ἐξενέγκῃ.
773 1754 871 1795 Jure
913 1754 1115 1807 Kiessling
1142 1754 1184 1794 in
1212 1754 1479 1795 Adnotatione
1508 1767 1579 1794 sua

373 1847 507 1886 critica
549 1846 730 1886 observat
766 1849 841 1884 τῶν
888 1845 1022 1885 τέκνων
1060 1845 1232 1894 δεομένην
1260 1847 1330 1885 vix
1358 1859 1454 1885 sana
1482 1858 1576 1885 esse.

371 1937 599 1976 Inauditum
641 1938 745 1976 enim
773 1941 831 1976 est
860 1942 1027 1976 matrem
1054 1938 1127 1977 hao
1156 1938 1203 1977 de
1231 1951 1349 1977 causa
1376 1951 1508 1977 amare
1537 1941 1575 1976 et

368 2030 473 2069 alere
512 2028 770 2081 quodcunque
798 2029 834 2067 ei
863 2032 1004 2068 natura
1033 2028 1262 2081 produxerit
1290 2041 1410 2080 quum
1439 2028 1574 2067 liberis

370 2121 572 2173 indiyeat;
599 2124 848 2173 exspectares
863 2120 1009 2173 aliquid
1025 2119 1292 2172 hujuscemodi
1308 2133 1392 2159 eam
1406 2124 1574 2159 naturae

368 2214 592 2252 necessitate
631 2225 709 2251 esse
752 2214 921 2252 vinctam
944 2217 979 2251 et
1002 2213 1218 2251 astrictam.
1244 2211 1386 2251 Melius
1412 2211 1575 2251 fortasse

366 2303 519 2353 ἀνάγκη
550 2303 622 2341 τῶν
651 2302 787 2341 τέκνων
817 2302 1024 2351 ἐχομένηνς
1059 2303 1127 2342 sed
1156 2303 1255 2341 nihil
1285 2303 1358 2342 hac
1382 2304 1422 2341 in
1448 2316 1490 2342 re
1505 2316 1574 2355 pro

366 2398 472 2434 certo
500 2394 698 2433 affirmare
726 2393 860 2433 audeo.

418 2485 506 2525 Lib.
538 2485 659 2524 XIII.
688 2499 720 2525 c.
753 2488 789 2524 4.
817 2486 986 2537 τοσαύτῃ
1015 2487 1090 2524 τῶν
1119 2499 1162 2524 τε
1192 2485 1387 2533 ποταμίων
1411 2488 1476 2524 καὶ
1495 2487 1571 2524 τῶν

364 2574 493 2615 ἄλλων
522 2576 702 2623 νοιμοέτων
733 2577 922 2625 {xlm-„m
953 2576 1120 2627 ἐγένετο,
1272 2576 1381 2627 ήνίκα
1397 2580 1570 2623 μάλιστα
