1924 3118
910 323 961 360 30

338 460 511 510 legiones
550 472 574 498 a
614 459 802 498 dictatore
830 459 1070 510 conscriptae
1096 461 1224 497 essent
1252 461 1384 496 tamen
1411 469 1537 495 sacra-

334 554 468 588 mento
484 537 491 542 “
510 537 749 588 tenebantur
791 549 911 588 donec
953 549 1128 587 consules
1168 561 1234 587 eas
1274 547 1538 597 dimitterent,

332 637 516 691 quoniam
549 640 589 677 in
615 652 749 678 eorum
763 639 884 678 verba
892 639 1135 690 juraverant.
1151 637 1362 677 Praeterea
1379 637 1536 676 Livium

332 730 429 768 nihil
471 743 611 768 moror.
659 730 823 781 Saepius
865 729 1077 781 Dionysius
1119 733 1158 767 et
1199 729 1337 767 Livius
1363 729 1465 767 inter
1495 741 1537 768 se

338 820 536 860 differunt.
591 820 735 860 Noster
784 820 919 859 scribit
962 820 1191 859 dictatorem
1232 833 1322 859 suas
1364 820 1536 871 legiones

326 911 536 962 dimisisse,
579 924 650 950 nec
689 912 814 950 ullum
855 925 906 950 ex
947 911 1136 963 Dionysio
1177 911 1402 963 exemplum
1439 911 1530 950 novi

324 1002 469 1040 milites
493 1001 577 1052 jam
605 1001 782 1040 dimissos
810 1001 937 1040 adhuc
967 1005 1210 1041 sacramento
1239 1002 1377 1041 teneri.

382 1092 470 1130 Lib.
500 1091 573 1131 VI.
604 1105 636 1131 c.
669 1094 732 1131 64.
761 1092 803 1130 αἱ
835 1091 904 1138 μὲν
933 1087 993 1131 οὖν
1022 1093 1304 1141 πολυοχλοῦσαι
1335 1090 1524 1139 δυνάμεις,

329 1185 420 1221 ὅταν
461 1181 631 1230 λάβωσιν
674 1179 866 1230 ἡγεμόνας
908 1183 973 1222 οὐκ
1014 1183 1160 1229 εἰδότας
1197 1183 1330 1233 ἄρχειν
1360 1183 1522 1233 τοσούτῳ

330 1277 479 1320 μᾶλλον
535 1275 845 1326 κακοπαθοῦσιν,
901 1277 1046 1326 ὅσῳπερ
1102 1273 1148 1313 ἂν
1203 1274 1357 1324 μείζονα
1413 1273 1529 1323 ἔχωσι

327 1368 484 1413 πόρον.
514 1365 704 1404 Mendum
731 1366 828 1405 latet
857 1367 898 1405 in
925 1367 1063 1405 ultimo
1078 1366 1266 1406 vocabulo
1282 1365 1411 1416 πόρον,
1428 1365 1531 1418 quod

331 1455 479 1494 Reiske
509 1456 567 1494 ita
594 1459 747 1494 vertere
776 1459 959 1494 conatur:
989 1459 1100 1494 tanto
1116 1456 1241 1508 magis
1259 1457 1531 1495 conflictantur

330 1549 478 1596 quanto
517 1535 640 1597 major
676 1550 735 1585 est
764 1559 899 1586 eorum
927 1560 1124 1586 numerus.
1156 1547 1232 1586 Sed
1259 1560 1394 1596 nemo,
1423 1547 1528 1598 quod

326 1635 469 1687 sciam,
497 1649 672 1689 unquam
703 1636 810 1685 πόρος
839 1642 878 1677 et
906 1634 1005 1686 πόροι
1035 1638 1107 1678 hoc
1136 1651 1251 1678 sensu
1279 1639 1431 1691 accipit.
1458 1638 1530 1678 Est

325 1732 458 1767 autem
500 1728 732 1767 vocabulum
779 1728 1078 1767 usitatissimum
1107 1741 1294 1780 magnum
1321 1741 1528 1768 numerum

325 1819 549 1869 significans
577 1819 681 1870 quod
710 1819 856 1870 optime
884 1819 934 1858 ad
957 1832 1228 1870 praegressum
1242 1822 1524 1867 πολυοχλοῦσαι

327 1907 504 1955 δυνάμεις
546 1909 713 1959 referas,
742 1909 783 1948 id
811 1913 870 1948 est
897 1908 1012 1958 ὄχλον
1041 1909 1165 1969 quod,
1193 1910 1268 1948 nisi
1296 1910 1432 1960 fallor,
1462 1909 1526 1948 hic

325 2000 642 2040 substituendum
668 2005 739 2040 est.
770 2000 917 2046 Quodsi
946 2015 998 2040 ex
1024 2015 1087 2041 me
1104 2002 1259 2053 quaeris
1274 2002 1376 2041 unde
1391 2002 1522 2040 lectio-

324 2104 414 2131 nem
444 2092 646 2144 vulgatam
673 2096 809 2131 natam
837 2096 973 2144 putem
1003 2092 1216 2145 respondeo
1246 2105 1309 2132 me
1332 2093 1521 2144 conjicere

321 2186 407 2233 post
422 2185 651 2222 EXOTCIN
669 2195 834 2234 sequens
849 2187 1034 2220 ΟΧΛΟΝ
1050 2183 1240 2222 excidisse
1254 2186 1292 2221 et
1307 2183 1487 2221 lacunam
1501 2195 1526 2220 a

325 2272 484 2312 librario
507 2272 676 2326 quodam
696 2276 843 2313 temere
857 2276 896 2312 et
911 2272 1193 2312 inconsiderate
1207 2273 1406 2325 expletam
1421 2285 1517 2312 esse.

376 2363 525 2403 Dubito
554 2377 648 2403 num
677 2363 777 2403 forte
805 2363 953 2416 aliquid
981 2362 1219 2402 interciderit
1247 2376 1299 2402 ex
1327 2363 1416 2402 Lib.
1446 2362 1521 2402 VI.

320 2467 353 2493 c.
387 2455 449 2493 77.
478 2454 544 2493 οὐκ
571 2452 637 2503 ἐφ’
662 2458 764 2503 ἡμᾶς
788 2452 1070 2500 ἠναγκάσθητε
1084 2457 1330 2502 καταφυγεῖν
1346 2452 1380 2492 οἱ
1396 2452 1522 2501 σεμνοὶ

319 2545 383 2584 καὶ
423 2545 581 2593 βαρεῖς,
623 2545 753 2584 πάντα
785 2543 1072 2594 ὑπισχνούμενοι
1095 2549 1164 2590 τῆς
1191 2545 1280 2584 τότε
1308 2545 1517 2592 σωτηρίαςς
