1924 3118
957 329 1004 365 10

372 473 450 512 qua
491 461 531 500 in
570 475 612 501 re
648 463 754 503 viam
782 464 877 503 mihi
905 467 1138 506 monstrabit
1168 469 1276 507 locus
1305 468 1411 520 apud
1443 469 1576 509 Xeno-

372 552 560 603 phontem
591 553 682 606 Cyr.
709 555 783 594 IV.
813 558 848 595 5.
883 558 919 595 4.
954 557 1002 595 Οἱ
1033 557 1102 604 μὲν
1131 557 1173 602 δη
1203 558 1326 603 Μῆδοι
1358 582 1409 588 -
1428 560 1575 599 ἐλοῦντο

374 642 454 680 καὶ
473 673 484 686 ‚
518 639 558 688 ἦν
587 644 681 693 γὰρ
710 647 1049 695 πωρεσκευκσμένκ
1067 681 1075 697 ,
1107 647 1249 695 ἱμοέτιοι
1281 649 1578 697 μεταλαβόντες

373 734 583 788 ἐδείπνουν,
640 752 741 790 quae
781 740 882 778 ratio
924 739 1076 779 dicendi
1124 740 1285 781 Graecis
1326 742 1583 781 usitatissima

374 831 445 866 est.
489 827 662 880 Oonjicio
699 830 819 881 igitur
857 831 1024 870 scribam
1053 832 1368 884 conjunctionem
1395 833 1586 885 copulati-

373 932 464 958 vam
513 924 606 959 ante
648 919 811 967 διέμενον
854 923 1027 961 omisisse
1071 927 1110 962 et
1153 924 1255 962 male
1299 924 1584 975 transposuisse

376 1013 464 1060 post
500 1007 791 1059 ἀγωνιζόμενοις
836 1012 973 1064 quodsi
1015 1013 1278 1064 conjunctioni
1308 1027 1423 1052 suum
1451 1015 1581 1053 locum

374 1100 587 1139 reddideris
628 1102 758 1141 omnia
800 1103 896 1141 mihi
935 1102 1116 1142 videntur
1153 1107 1258 1142 recte
1287 1103 1495 1156 procedere
1530 1124 1582 1132 -

372 1191 477 1237 ἀγὼν
528 1192 617 1236 uxi,
661 1192 823 1240 διέμενον
864 1193 940 1242 γὰρ
981 1193 1237 1243 ἀγχωμάλως
1280 1193 1574 1243 ἀγωνιζόμενοι,

374 1282 603 1329 διελύθησαν
645 1285 723 1326 κτὲ.
767 1299 847 1325 nox
876 1286 1083 1326 dirimebat
1111 1290 1347 1339 pugnatores
1377 1285 1451 1325 sibi
1480 1286 1579 1325 invi-

376 1389 460 1415 cem
487 1390 565 1415 non
595 1377 788 1417 cedentes.

428 1467 455 1506 J
458 1481 527 1507 ure
569 1469 770 1521 Kiessling
807 1470 967 1509 offendit
1005 1470 1045 1508 in
1074 1469 1262 1509 vocabulo
1294 1468 1439 1513 ἔλευσις
1471 1469 1577 1519 (Lib.

378 1559 456 1598 III.
486 1573 569 1611 cap.
602 1562 683 1610 59.)
713 1561 808 1599 vitio
838 1565 976 1600 natum
1001 1574 1052 1600 ex
1081 1559 1235 1611 ἕ).ασις;
1260 1574 1338 1612 qua
1352 1561 1579 1612 conjectura

375 1650 508 1689 licebit
558 1664 786 1703 expungere
836 1665 887 1691 ex
944 1652 1081 1691 lexicis
1136 1652 1301 1691 verbum
1356 1650 1576 1691 inauditum

375 1755 593 1794 nusquam,
634 1742 738 1794 quod
768 1743 908 1792 sciam,
940 1743 1014 1781 nisi
1044 1742 1116 1782 hoc
1145 1755 1222 1782 uno
1250 1742 1334 1781 loco
1362 1754 1579 1781 occurrens.

424 1834 512 1873 Lib.
558 1834 638 1873 III.
670 1848 702 1873 c.
733 1836 795 1873 64.
826 1836 911 1873 init.
940 1835 1091 1874 editur:
1122 1828 1183 1880 οὓς
1210 1834 1226 1873 ὃ
1256 1832 1464 1882 Ταρκύνιος
1496 1835 1577 1872 ἐπι-

369 1926 522 1970 τηδείοις
565 1926 713 1976 χωρίοις
756 1926 817 1965 διὰ
857 1927 987 1970 νυκτὸς
1025 1929 1189 1976 ἐλόχισε.
1219 1926 1327 1966 Ante
1357 1924 1577 1970 ἐπιτηδείοις

370 2017 561 2057 excidisse
592 2018 689 2058 mihi
718 2018 873 2058 videtur
901 2031 1033 2072 praep.
1061 2018 1120 2058 ε’ν.
1151 2030 1228 2071 quo
1255 2030 1389 2058 omnes
1423 2016 1573 2056 Graece

363 2110 567 2161 loquentes
588 2111 634 2157 >in
662 2111 756 2149 locis
781 2110 997 2149 indicandis
1016 2114 1240 2149 constanter
1254 2113 1441 2160 utuntur3
1457 2110 1568 2160 cujus

370 2204 427 2242 rei
468 2217 590 2242 unum
635 2207 675 2242 et
718 2204 887 2242 alterum
929 2204 1154 2255 exemplum
1192 2216 1242 2242 ex
1272 2202 1462 2255 Dionysio
1489 2202 1574 2254 ipso

367 2295 507 2334 afferre
535 2294 632 2333 mihi
661 2295 788 2334 liceat.
819 2294 906 2333 Lib.
939 2294 981 2331 II
1009 2306 1041 2332 c.
1073 2295 1135 2332 55.
1165 2292 1393 2342 λοχίσαντος
1414 2292 1450 2330 ἐν
1466 2291 1568 2340 αὐτῷ

368 2386 435 2431 τὴν
463 2386 633 2432 δυ’νκμιν.
664 2386 753 2425 Lib.
784 2386 863 2425 ΙΙΙ.
893 2400 925 2425 c.
956 2387 992 2424 6.
1022 2385 1123 2425 med.
1151 2384 1283 2424 σκοποί
1310 2398 1407 2429 τινε,-
1438 2383 1477 2423 ἐν
1494 2388 1573 2429 τοῖς

368 2477 464 2527 ὄρεσι
493 2480 711 2528 λοχῶντες,
740 2478 819 2518 κτὲ.

420 2570 507 2609 Lib.
551 2571 624 2610 IV.
659 2585 690 2611 c.
723 2574 758 2611 7.
790 2572 873 2611 init.
903 2569 1144 2617 ὡμολόγηται
1177 2569 1253 2617 γὰρ
1280 2570 1337 2607 ὅτι
1369 2567 1472 2614 μετὰ
1501 2570 1569 2616 τὴν
