1924 3118
934 372 984 410 49

353 508 546 556 βουλεύειν
578 510 655 548 huc
682 509 881 561 irrepsisse
909 509 958 548 ob
989 507 1259 561 praecedentia
1282 505 1556 555 ἀγορεύσαντας

354 603 392 638 et
423 598 764 644 ἐναντιωσομένουςς
794 598 862 638 sed
889 599 989 657 nihil
1018 599 1124 638 hisce
1152 611 1239 637 cum
1263 598 1330 637 illo
1353 609 1556 637 commune

353 692 424 727 est.
454 688 611 740 Optime
635 688 791 740 quidem
814 689 908 727 dicit
922 692 1058 728 auctor
1073 688 1309 727 decemviros
1324 701 1376 726 ex
1390 699 1553 726 numero

352 778 563 818 amicorum
586 792 743 819 suorum
767 779 1013 820 constituisse
1036 779 1196 832 quinam
1211 778 1251 818 in
1267 781 1404 818 senatu
1419 780 1552 831 gratas

352 868 425 907 sibi
478 869 689 908 sententias
730 872 989 922 proponerent
1030 872 1069 908 et
1108 858 1274 921 quinam
1311 867 1552 907 adversarios

351 964 621 1010 oppugnarent
637 989 647 1009 ,
699 973 777 998 non
819 973 912 998 vero
954 960 1106 998 arbitrii
1145 963 1204 998 est
1245 959 1551 997 decemvirorum

350 1053 523 1089 statuere
563 1051 722 1101 quinam
763 1051 804 1088 in
845 1054 1024 1089 senatum
1063 1050 1225 1101 cogendi
1266 1050 1355 1090 sint.
1393 1048 1550 1087 Debent

351 1140 455 1178 enim
491 1140 577 1179 illos
615 1122 752 1191 cogere
783 1139 924 1191 quibus
945 1140 1012 1191 jus
1038 1143 1097 1179 est
1125 1138 1305 1179 veniendi
1332 1138 1358 1177 i.
1382 1151 1416 1178 e.
1441 1150 1551 1177 sena-

350 1233 478 1280 tores,
510 1229 658 1269 Graece
685 1228 771 1273 τοὺς
799 1228 1025 1276 βουλευτάς.
1051 1229 1157 1269 Huic
1179 1242 1289 1269 meae
1304 1229 1548 1280 conjecturae

349 1320 480 1358 favere
508 1320 662 1358 videtur
690 1320 794 1371 quod
821 1322 955 1359 statim
982 1321 1157 1371 sequitur
1173 1334 1181 1359 :
1199 1320 1358 1364 ὑπήκουε
1373 1319 1405 1358 δ’
1420 1319 1549 1364 αὐτοῖς

349 1412 420 1449 τῶν
466 1409 623 1459 μετρίων
654 1408 791 1456 οὐδείςς
819 1423 951 1450 omnes
977 1410 1098 1463 igitur
1125 1413 1320 1451 senatores
1344 1409 1551 1451 decemviri

349 1513 486 1552 cogere
526 1504 717 1540 conantur
756 1513 835 1540 non
876 1513 968 1548 vero
1011 1501 1217 1541 nonnullos
1259 1501 1332 1541 sibi
1358 1504 1549 1554 acceptos,

348 1590 485 1643 Ipsum
522 1590 738 1637 βουλευτὰς
777 1596 864 1644 post
909 1605 1036 1644 pauca
1074 1592 1272 1632 invenies:
1310 1592 1341 1630 οἱ
1380 1591 1471 1631 δέκα
1509 1591 1547 1631 δὲ

346 1678 464 1719 ταῦθ’
505 1680 660 1729 ὁρῶντες
702 1679 950 1730 ἐπεχείρησαν
992 1681 1062 1728 μὲν
1108 1682 1148 1720 ἐκ
1188 1684 1264 1721 τῶν
1301 1683 1424 1722 οῗκιῶν
1462 1681 1549 1728 τοὺς

345 1770 557 1817 βουλευτὰς
584 1770 705 1817 ἄγειν.

401 1860 514 1905 Quod
540 1862 581 1900 in
609 1861 742 1900 eodem
766 1861 894 1912 capite
920 1862 1075 1913 legitur:
1104 1860 1287 1910 παριόντα
1314 1861 1346 1900 δ’
1361 1862 1477 1902 αὐτὸν
1491 1861 1546 1902 ἔτι

350 1949 591 1998 καταμαθὼν
615 1952 785 1996 ’Ἄππιος
813 1952 879 1990 καὶ
904 1949 998 1990 καθ’
1027 1951 1204 1992 ἑαυτόν
1231 1966 1268 1991 τι
1292 1951 1414 2000 λέξειν
1440 1952 1547 1992 ἐλπί-

346 2033 441 2089 σαιςζ
483 2042 739 2096 depravatum
779 2046 837 2082 est
877 2045 1036 2096 propter
1071 2055 1197 2083 accus.
1226 2042 1375 2082 ἑαυτὸν.
1404 2042 1546 2084 Dicere

346 2134 496 2185 aliquid
522 2138 657 2172 contra
684 2135 855 2185 aliquem
883 2134 1032 2172 Graece
1060 2134 1200 2172 dicitur
1228 2133 1356 2179 λέγειν
1379 2148 1415 2172 τι
1439 2133 1544 2172 κατά

347 2239 467 2268 ‘two-53
496 2225 650 2276 requiro
678 2225 798 2276 igitur
825 2226 918 2265 καθ’
946 2224 1078 2264 ἑαυτοῦ
1104 2239 1140 2263 τι
1168 2224 1289 2271 λέξειν
1317 2229 1390 2265 cet.

399 2314 487 2354 Lib.
512 2314 587 2354 XI.
612 2327 645 2354 c.
662 2316 685 2354 5
700 2314 787 2356 init.
803 2314 985 2354 Valerius
999 2313 1154 2354 Potitus
1168 2314 1219 2354 ab
1233 2314 1364 2367 Appio
1380 2314 1543 2354 Claudio

346 2405 565 2457 prohibitus
593 2406 799 2458 quominus
826 2406 867 2443 in
895 2409 1033 2444 senatu
1054 2405 1175 2445 verba
1188 2406 1331 2444 faceret
1345 2418 1459 2458 opem
1471 2407 1543 2445 im-

345 2497 473 2548 plorat
510 2496 625 2535 Fabii
667 2496 852 2535 Vibolani
893 2498 1009 2535 unius
1050 2496 1355 2536 decemvirorum
1383 2497 1425 2535 in
1452 2509 1543 2535 eum

344 2589 523 2625 senatum
555 2587 685 2625 oculos
714 2587 878 2626 vertisse
905 2587 1048 2627 dicens.
1072 2588 1119 2633 ὠς
1133 2587 1310 2627 δὲταῦτα
1326 2584 1427 2626 εἶπεν
1442 2587 1542 2638 (Va-

1410 2680 1435 2720 4
