1924 3118
908 330 955 366 12

323 464 550 502 memoriam
578 464 745 515 fugerit,
776 477 892 516 cogor
915 465 1148 504 vocabulum
1169 465 1424 517 depravatum
1439 479 1528 505 acu-

324 554 414 593 tiori
441 554 597 606 ingenio
624 555 910 594 emendandum
937 557 1168 608 relinquere.

381 645 469 684 Lib.
515 646 588 685 IV.
632 660 663 686 c.
709 648 758 685 59
795 650 863 695 τὴν
892 646 929 684 δὲ
958 648 1034 684 τῶν
1064 647 1161 684 νοιῶν
1194 647 1434 691 κατασκευὴν
1466 647 1531 686 οὐκ

328 735 432 784 ἔφθη
462 736 631 776 τελέσαι.
661 737 748 776 Etsi
774 738 879 789 apud
907 742 1059 776 veteres
1088 738 1242 777 Atticos
1265 739 1332 777 lex
1357 742 1464 777 certa
1478 739 1528 777 sit

330 830 369 866 et
398 831 579 867 constans
607 828 771 867 verbum
799 826 963 877 φθάνειν
992 842 1081 867 cum
1109 829 1314 881 participio
1337 829 1530 879 construi,

330 918 492 958 seriores
534 919 636 958 inter
675 931 772 971 quos
816 918 1047 972 Dionysium
1075 919 1268 959 infinitivo
1296 920 1449 972 saepius
1478 920 1536 959 uti

331 1011 425 1048 satis
464 1011 582 1061 longa
619 1010 737 1048 series
765 1011 1034 1060 exemplorum
1062 1010 1192 1048 firmat
1207 1039 1217 1059 ‚
1247 1023 1374 1061 neque
1400 1014 1533 1048 nostro

326 1101 410 1140 loco
438 1100 655 1140 infinitivus
683 1101 887 1154 participio
915 1099 1028 1140 cedat
1057 1114 1214 1141 necesse
1242 1105 1313 1141 est.

386 1191 474 1230 Lib.
516 1191 590 1230 IV.
629 1205 661 1230 c.
693 1192 756 1231 62.
785 1196 921 1231 narrat
949 1196 1084 1232 auctor
1112 1205 1195 1232 rem
1224 1192 1421 1245 publicam
1449 1197 1536 1246 post

331 1295 440 1334 reges
482 1287 640 1322 exactos
682 1283 932 1322 nobilissimis
969 1284 1062 1322 viris
1090 1283 1372 1335 Sibyllinorum
1400 1296 1534 1323 oracu-

333 1375 460 1413 lorum
510 1374 724 1413 custodiam
777 1374 1038 1425 commisisse,
1090 1368 1122 1413 οἳ
1163 1373 1224 1412 διὰ
1266 1373 1352 1421 βίου
1393 1376 1535 1419 ται-’την

334 1464 506 1514 ἔχουσι
548 1465 615 1509 τὴν
658 1464 879 1512 ἐπιμέλειαν
917 1468 1119 1514 στρατειῶν
1146 1465 1343 1515 ἀφειμένοι
1372 1467 1438 1504 καὶ
1466 1450 1537 1504 ’ἰῶν

334 1559 463 1595 ἄλλων
492 1556 595 1595 κατὰ
625 1559 692 1605 τὴν
723 1560 828 1596 πόλιν
857 1559 1146 1604 πραγματειῶν.
1177 1557 1263 1596 Imo
1278 1570 1370 1596 vero
1392 1553 1535 1602 ἕξουσι,

335 1650 403 1701 qui
447 1649 710 1700 fzmqerentm·
750 1661 819 1700 per
848 1652 971 1687 totam
1000 1648 1134 1687 vitam.
1164 1647 1380 1687 Levissimo
1407 1652 1539 1687 autem

333 1753 462 1780 errore
499 1744 687 1781 ΕΞΟΤΟΙ
726 1741 766 1779 in
795 1743 986 1780 EXOTCI
1017 1739 1124 1779 abire
1154 1740 1326 1792 potuisse
1355 1739 1537 1778 manifes-

333 1835 418 1870 tum
447 1835 517 1870 est.
549 1831 653 1870 Satis
681 1831 755 1870 erit
784 1844 907 1869 unum
925 1830 1150 1882 exemplum
1165 1829 1304 1868 afferre
1319 1828 1369 1868 ad
1384 1828 1540 1868 demon-

334 1922 538 1961 strandum
580 1922 696 1961 Dion.
741 1922 916 1960 omnium
946 1920 1187 1960 Graecorum
1215 1919 1536 1962 consuetudinem

336 2025 412 2052 non
453 2013 696 2066 neglexisse3
737 2012 885 2065 inspice
913 2011 1009 2050 mihi
1037 2010 1212 2063 ejusdem
1239 2010 1329 2050 libri
1359 2023 1443 2063 cap.
1477 2011 1540 2050 74.

332 2104 401 2143 ubi
440 2104 630 2155 legimus:
660 2103 764 2151 ἱερῶν
792 2101 1073 2141 ἀποδεικνύσθω
1102 2116 1159 2146 τις
1188 2100 1390 2148 βασιλεὺς,
1421 2101 1437 2139 ὁ
1467 2101 1533 2144 τὴν

335 2199 449 2244 τιμὴν
478 2196 623 2239 ταύτην
653 2192 743 2241 ἕξων
772 2194 833 2233 διὰ
863 2194 960 2242 βίου.

392 2287 440 2325 In
467 2300 514 2326 ea
541 2299 641 2339 quae
671 2287 803 2325 statim
832 2289 1049 2338 sequuntur
1064 2286 1166 2337 (cap.
1185 2286 1251 2335 74)
1261 2285 1353 2336 jure
1369 2273 1543 2322 Sintenis

337 2383 376 2419 et
404 2392 493 2418 cum
522 2392 567 2418 eo
596 2379 797 2430 Kiessling
826 2382 912 2430 post
929 2380 1137 2424 πολεμικῆς
1152 2377 1316 2416 inseruit
1332 2379 1543 2420 πολιτικῆς.

339 2471 441 2523 Regi
484 2470 588 2509 enim
625 2483 846 2520 sacrorum,
875 2472 920 2508 ut
948 2482 998 2508 ex
1026 2469 1154 2521 capite
1183 2469 1246 2507 62.
1277 2480 1396 2520 supra
1426 2467 1546 2506 citato

340 2562 558 2602 luculenter
598 2566 783 2615 apparet,
826 2573 904 2599 non
945 2561 1070 2599 solum
1113 2559 1259 2598 bellum
1302 2570 1437 2609 gerere
1468 2569 1544 2595 non
