1924 3118
947 337 997 374 48

369 478 497 526 potest
527 474 634 513 locus
664 487 781 526 quem
809 473 902 522 γὰρ
931 475 1106 526 obtinet;
1135 475 1300 527 legimus
1330 477 1459 517 enim:
1489 477 1578 525 πρὸς

368 566 441 609 τὰ,-
482 564 607 610 (ἱκτδις
651 568 717 603 καὶ
755 564 829 610 τὰς
866 566 993 611 ἠϊόνας
1032 565 1354 614 ἐκκυμαινομένων
1383 566 1448 614 702
1459 579 1477 615 ρ
1504 569 1577 605 τῶν

363 654 551 702 σωμάτων
580 660 681 706 cet.;
709 654 881 707 pedestri
912 657 1051 695 saltem
1081 657 1259 695 oratione
1284 657 1477 708 particula
1499 655 1577 705 γὰρ

368 745 581 786 secundum
622 746 751 786 locum
792 746 969 787 obtinere
1011 746 1134 798 solet3
1179 759 1267 787 eum
1310 745 1431 787 Porto
1457 746 1579 800 igitur

367 837 476 889 lego:
516 836 605 885 πρὸς
634 835 711 884 γὰρ
743 841 817 876 eet.
847 837 933 876 Nisi
963 837 1062 876 forte
1089 841 1221 876 noster
1247 841 1382 890 poetas
1409 838 1577 890 tragicos

364 928 511 966 imitari
539 929 734 978 voluerit,
764 933 808 966 ut
839 928 958 980 Soph.
987 928 1155 972 Philoet.
1187 930 1314 967 1450:

751 994 754 996 >
827 1018 959 1067 Καιρὸς
988 1020 1053 1057 καὶ
1084 1022 1201 1063 πλοῦς

579 1105 634 1146 δ’δ’
663 1107 809 1155 ἐπείγει
838 1107 904 1155 γδι
915 1123 933 1157 ρ
962 1108 1066 1148 nm&
1096 1107 1279 1158 πρύμνην.

421 1198 571 1238 Eodem
610 1212 694 1252 cap.
725 1200 842 1252 paulo
870 1200 972 1240 infra
1000 1202 1065 1239 καὶ
1096 1199 1171 1249 οὐχ
1199 1197 1336 1245 ἥκιστα
1364 1200 1380 1239 ὁ
1410 1200 1575 1248 γεωργὸς

366 1290 545 1334 ἐπόνησεν
575 1290 690 1339 ὄχλος
720 1292 1179 1338 ἀναπιμπλάμενος
1206 1291 1271 1330 καὶ
1299 1291 1495 1339 προβάτων
1510 1293 1575 1330 καὶ

365 1385 442 1420 τῶν
486 1379 616 1422 ἄλλων
658 1381 896 1432 τετραπόδων
940 1387 1042 1431 ἅμα
1080 1380 1329 1431 διαιτωμένων
1356 1386 1424 1427 τῆς
1453 1383 1571 1422 νόσου.

369 1473 513 1513 Fateor
555 1487 618 1514 me
648 1474 711 1514 hic
740 1474 869 1515 densis
898 1474 1069 1514 tenebris
1097 1474 1221 1527 premi
1248 1486 1346 1527 quas
1371 1477 1416 1513 ut
1443 1473 1574 1525 aliqua

364 1565 504 1603 saltem
524 1578 576 1603 ex
596 1569 708 1617 parte
724 1566 919 1617 expellam
935 1578 1005 1617 pro
1019 1566 1365 1611 ἀναπιμπλάμενος
1380 1564 1573 1604 substituo

367 1654 726 1704 ἅναπιμπλοιμένων
754 1660 799 1695 ut
827 1655 877 1696 ad
903 1659 1108 1708 sequentes
1138 1655 1342 1696 Genitivos
1368 1655 1571 1696 referatur.

365 1746 449 1785 Nec
491 1746 695 1785 ferendum
731 1742 819 1793 ἅμα
860 1759 931 1798 pro
972 1759 1047 1798 quo
1085 1747 1172 1799 lego
1211 1745 1313 1793 ὁμοῦ.
1343 1747 1392 1785 ef.
1421 1758 1572 1798 compo-

367 1838 487 1876 situm
516 1836 738 1883 ὁμοδίαιτος.
767 1837 855 1876 Lib.
885 1837 918 1876 Ι.
947 1850 979 1876 c.
1011 1839 1074 1877 30.

418 1928 508 1970 Lib.
523 1928 599 1968 XI.
616 1942 648 1968 c.
666 1930 702 1968 4.
733 1928 883 1981 Aequis
910 1927 960 1968 ad
983 1928 1174 1981 Algidum
1197 1932 1325 1969 castra
1338 1928 1573 1969 habentibus

365 2019 574 2060 decemviri
613 2020 723 2060 anxii
750 2019 976 2061 sodalitates
1004 2024 1217 2061 convocant
1244 2023 1283 2061 et
1311 2019 1405 2074 quid
1432 2020 1574 2060 facien-

365 2112 457 2150 dum
487 2112 538 2150 sit
562 2112 792 2151 deliberant.
824 2112 1001 2151 Tandem
1030 2113 1221 2164 optimum
1249 2112 1376 2151 visum
1391 2115 1450 2151 est
1464 2124 1573 2150 sena-

364 2209 451 2242 tum
479 2217 704 2243 convocare.
733 2208 859 2241 ταῦτα
889 2201 1187 2250 βουλευσάμενοι
1216 2204 1405 2250 προῆλθον
1429 2203 1483 2246 εἷς
1504 2203 1572 2250 τὴν

363 2291 531 2342 ἀγοράν,
549 2295 616 2333 naci
632 2291 967 2342 παραστησάμενοι
983 2292 1046 2332 τὸν
1060 2293 1202 2342 κήρυκα
1231 2279 1343 2338 τοὺς
1368 2290 1572 2340 βουλεύ-

359 2398 382 2422 o·
397 2398 542 2429 οντοις
584 2384 627 2432 ἐξ
664 2385 848 2432 ὀνόματος
875 2388 1006 2422 καλεῖν
1036 2382 1214 2422 ἐκέλευον.
1251 2382 1570 2435 Expungendum

363 2488 502 2514 censeo
529 2476 782 2528 participium
810 2474 1090 2522 βουλεύσοντας
1115 2479 1154 2513 et
1182 2475 1265 2513 sine
1294 2487 1403 2512 mora
1431 2474 1471 2512 in
1485 2472 1573 2519 βου-

362 2564 506 2610 λευτάς
556 2566 801 2605 mutandum.
856 2566 1024 2605 Videtur
1072 2569 1203 2604 autem
1244 2565 1421 2603 futurum
1461 2563 1570 2602 verbi
