1924 3118
971 302 1018 338 16

392 435 456 473 29.
488 435 532 474 O.
561 435 716 475 Mucius
743 450 811 489 spe
825 436 997 489 dejectus
1012 439 1115 491 regis
1130 438 1325 477 Porsenae
1339 437 1597 478 obtruncandi

392 527 695 579 comprehensus
740 527 966 580 perducitur
1007 529 1057 568 ad
1086 529 1215 581 ipsum
1244 541 1403 581 regem3
1433 529 1597 568 interro-

391 623 508 670 gatur
551 619 730 670 quisnam
772 623 811 658 et
853 619 956 658 unde
997 620 1072 670 sit;
1115 619 1325 672 respondet
1362 619 1517 659 Mucius
1552 623 1597 658 ut

393 709 596 762 Kiessling
634 709 780 749 edidit:
821 709 895 757 ἐγὼ
924 713 1105 758 Ῥωμαῖος
1132 710 1201 758 μέν
1231 710 1331 762 εἶμι,
1361 712 1425 749 καὶ
1457 709 1498 749 οὐ
1524 711 1596 748 τῶν

392 799 648 849 ἐπιτυχόντων
698 798 844 840 ἕνεκα
890 804 1086 851 γένους,
1140 803 1394 850 ἐλευθερῶσαι
1448 799 1486 839 δὲ
1529 800 1596 845 τὴν

391 893 557 941 πατρίδα
599 896 665 932 τοῦ
711 893 879 940 πολέμου
920 893 1126 940 βουληθείς
1163 899 1236 933 oet.
1275 894 1324 932 In
1354 894 1460 932 hisee
1487 889 1597 931 ἕνεκα

390 987 521 1030 γένους
549 984 652 1037 quod
677 983 812 1024 Codex
835 984 1009 1024 Urbinas
1023 983 1205 1035 exhibet,
1221 988 1391 1024 anostro
1407 984 1490 1023 loco
1503 983 1596 1023 alie-

389 1075 594 1114 nissimum
634 1088 717 1115 esse
740 1076 824 1128 jam
852 1076 913 1114 vir
941 1075 1041 1115 doct.
1072 1074 1217 1114 Garrer
1246 1075 1287 1114 in
1318 1074 1596 1114 observationi-

391 1167 463 1207 bus
509 1167 589 1207 suis
630 1166 680 1206 ad
716 1167 833 1206 Dion.
871 1167 925 1206 H.
960 1166 1057 1207 Ant.
1086 1167 1200 1207 Rom.
1231 1167 1373 1207 diserte
1401 1165 1596 1217 ostendit3

390 1271 517 1311 neque
558 1271 659 1310 quae
698 1258 740 1297 in
782 1257 1016 1297 editionibus
1058 1259 1146 1310 lego
1188 1254 1299 1296 ἕνεκά
1343 1271 1407 1296 του
1435 1261 1473 1297 et
1501 1253 1594 1296 ἕνεκ’

391 1348 510 1388 αἰτίου
541 1362 699 1389 sensum
728 1351 853 1388 ullum
884 1350 1126 1402 probabilem
1154 1349 1335 1389 afferunt.
1362 1348 1454 1388 Sine
1477 1349 1595 1388 dubio

394 1440 541 1480 Gar-rer
565 1441 606 1479 in
628 1440 799 1480 tenebris
823 1441 949 1480 lucem
964 1441 1098 1480 attulit
1113 1439 1351 1492 conjiciendo
1364 1435 1418 1485 εἷς
1432 1438 1596 1487 τὸγένος

392 1536 461 1572 aut
491 1532 550 1577 τίς
578 1532 621 1570 τὸ
651 1531 757 1578 γένος
785 1532 994 1584 legendum
1021 1545 1125 1583 esse,
1142 1532 1214 1571 hoo
1229 1545 1364 1571 sensu:
1381 1531 1435 1570 M.
1452 1531 1597 1570 dixisse

392 1636 434 1662 se
465 1636 549 1662 esse
577 1622 802 1662 Romanum
830 1636 958 1674 neque
986 1622 1182 1662 hominem
1210 1622 1258 1661 de
1284 1622 1398 1674 plebe
1412 1623 1593 1673 aliquem.

392 1712 572 1752 Conabor
599 1716 731 1752 tamen
759 1725 810 1752 ex
834 1713 1047 1765 depravata
1061 1712 1236 1753 codicum
1250 1713 1443 1765 scriptura
1456 1712 1594 1752 melius

391 1802 486 1854 quid
513 1815 660 1841 eruere.
689 1802 780 1841 Non
809 1803 913 1841 enim
941 1803 1150 1842 verisimile
1178 1807 1237 1842 est
1264 1803 1460 1852 Mucium,
1474 1815 1595 1854 quum

396 1893 518 1932 libere
561 1892 706 1932 diceret
748 1894 928 1945 quisnam
964 1897 1004 1933 et
1032 1893 1135 1933 unde
1161 1898 1284 1945 esset,
1311 1907 1454 1933 nomen
1481 1906 1595 1932 suum

392 1984 584 2035 tacuisse3
614 1984 709 2023 satis
737 1983 834 2023 mihi
861 1997 940 2023 non
967 1984 1121 2024 videtur
1148 1983 1382 2037 respondere
1409 1996 1450 2023 se
1471 1983 1597 2023 civem

391 2074 615 2114 Romanum
659 2088 743 2114 esse
786 2088 913 2127 neque
955 2077 1125 2127 aliquem
1166 2076 1214 2114 de
1248 2076 1363 2127 plebe
1389 2079 1429 2114 et
1456 2074 1592 2113 Livius

392 2164 498 2215 (Lib.
541 2165 599 2204 II.
642 2179 675 2205 o.
720 2167 800 2216 12.)
828 2170 934 2206 reete
962 2166 1089 2205 addit:
1121 2166 1333 2206 Romanus
1352 2178 1439 2205 sum
1468 2165 1592 2216 cives,

397 2255 439 2293 O.
456 2254 639 2293 Mucium
655 2260 802 2296 vocant.
831 2255 925 2295 Huc
949 2257 1056 2295 venit
1079 2256 1200 2296 verba
1226 2252 1279 2301 εἷς
1308 2256 1351 2296 τὸ
1378 2254 1486 2303 γένος
1508 2259 1596 2308 post

391 2344 432 2384 οὐ
479 2350 555 2384 τῶν
601 2347 857 2395 ἐπιτυχόντων
885 2359 964 2386 non
990 2347 1156 2399 requiri,
1184 2347 1233 2386 of.
1262 2346 1350 2386 Lib.
1380 2346 1431 2386 V.
1460 2359 1493 2386 c.
1522 2347 1595 2396 48,

390 2438 462 2488 '773
505 2435 594 2477 Lib.
639 2437 743 2477 XII.
786 2451 818 2477 c.
854 2440 899 2488 13
928 2437 997 2476 ubi
1025 2437 1041 2476 ὁ
1072 2436 1261 2486 ἐπιτυχών
1289 2450 1369 2477 non
1395 2436 1527 2490 addito
1551 2436 1595 2475 τὸ

391 2526 522 2579 γένος,
567 2528 778 2567 adhibetur
820 2528 871 2572 ad
897 2528 1146 2569 indicandum
1174 2529 1371 2569 hominem
1396 2528 1444 2569 de
1470 2528 1595 2581 plebe.
