1924 3118
838 340 887 377 4‘7

265 481 401 530 etiam,
439 483 512 518 cet.
542 479 653 530 quasi
682 477 729 517 de
756 478 843 516 aliis
875 478 1026 530 legibus
1048 478 1133 529 jam
1162 492 1286 517 sermo
1311 480 1458 518 fuisset.

264 572 326 610 De
355 570 478 609 Siccio
506 569 679 608 Dentato
706 568 805 607 nihil
833 569 914 608 fere
942 569 1046 621 apud
1074 569 1243 608 Livium.

319 661 424 699 Male
465 660 672 710 disjectum
700 663 738 697 et
765 659 947 697 vitiatum
973 659 1070 696 mihi
1096 659 1260 697 videtur.
1293 658 1381 698 Lib.
1409 657 1461 695 X.

268 765 299 790 c.
321 752 384 790 53.
408 749 477 788 ubi
499 753 634 788 auctor
648 751 782 788 narrat
796 749 1009 788 maximam
1022 749 1283 801 pestilentiam
1297 747 1463 787 Romam

265 842 465 881 invasisse.
493 841 546 879 Et
574 841 744 892 primum
772 840 928 892 quidem
955 840 1106 879 offendo
1132 841 1170 879 in
1196 840 1300 879 hisce
1316 841 1462 879 verbis:

265 935 517 974 τελευτῶντες
547 931 584 969 δὲ
616 931 649 970 οἱ
678 931 746 977 μὲν
770 931 848 969 ἀπ’
879 931 1152 980 ὀλιγωρίας
1178 935 1241 969 τοῦ
1256 933 1372 969 κακοῦ
1392 935 1464 970 cet.

267 1024 439 1081 suspicor
467 1022 540 1061 ὑπ’
575 1022 867 1071 ὀλιγωρίας,
894 1027 938 1062 ut
953 1022 1186 1075 praecedens
1208 1023 1298 1062 ὑπό
1317 1037 1360 1061 τε
1385 1022 1468 1061 ocio·-

266 1113 386 1164 χύνης
414 1115 479 1152 κοιὶ
509 1112 683 1162 εὐπορίας
706 1115 781 1152 τῶν
809 1113 897 1162 πρὸς
921 1113 993 1158 τὰς
1011 1112 1145 1163 ταφὰς
1162 1113 1373 1158 ἐπιτηδείων
1388 1113 1467 1153 κτέ.

271 1206 366 1245 Post
408 1219 533 1258 pauca
571 1206 629 1244 ita
669 1206 821 1244 editur:
865 1204 1029 1250 πολλοὺς
1069 1205 1139 1252 μὲν
1183 1206 1229 1243 ἐν
1268 1209 1347 1251 τοῖς
1379 1205 1468 1244 ὑπο-

268 1300 391 1343 νόμοις
430 1299 502 1335 τῶν
543 1300 737 1335 στενωπῶν
779 1295 955 1345 φέροντες
998 1296 1185 1344 ἐρρίπτουν
1222 1302 1298 1335 τῶν
1325 1297 1469 1342 amys-

267 1386 444 1437 νομένων,
482 1400 582 1439 quae
613 1387 786 1439 Sylburg
812 1388 869 1426 ita
896 1387 1018 1426 latine
1044 1388 1188 1427 vertit:
1218 1388 1343 1426 multa
1369 1399 1470 1425 mor-

268 1481 424 1515 tuorum
466 1489 628 1529 corpora
664 1478 708 1515 in
737 1477 1009 1516 subterraneas
1037 1478 1292 1530 compitorum
1320 1477 1469 1515 cloacas

262 1569 539 1618 projiciebant.
582 1568 659 1607 Sed
700 1570 842 1616 ῥιπτεῖν
881 1570 917 1606 ἐν
960 1582 1038 1608 non
1080 1570 1121 1607 in
1149 1583 1224 1608 usu
1251 1573 1336 1619 est3
1365 1573 1471 1607 certa

269 1660 355 1710 lege
395 1659 516 1698 verba
556 1672 656 1711 quae
696 1663 847 1699 motum
884 1660 1104 1712 significant
1142 1673 1230 1699 cum
1257 1673 1389 1712 praep.
1417 1660 1470 1704 εἷς

269 1750 440 1788 construi
479 1750 750 1801 notissimum;
790 1754 895 1790 recte
933 1751 1054 1802 igitur
1096 1750 1211 1790 Dion.
1241 1750 1328 1790 Lib.
1357 1750 1407 1790 V.
1436 1763 1469 1789 c.

270 1841 333 1877 46.
371 1840 440 1884 εἷς
476 1840 612 1886 μέσους
638 1839 724 1882 τοὺς
748 1839 949 1886 πολεμίους
976 1841 1114 1887 ῥιπτῶν
1143 1839 1288 1878 ἑαυτόν.
1318 1840 1470 1879 Deinde

269 1933 343 1967 τῶν
388 1930 672 1977 ἀπογενομένων
711 1931 826 1970 nimis
853 1944 877 1970 a
903 1930 1067 1976 πολλούς
1083 1962 1093 1981 ,
1121 1932 1224 1970 unde
1252 1932 1469 1983 genitivum

270 2021 439 2073 pendet,
484 2022 720 2074 disjunctum
760 2025 847 2074 post
876 2022 945 2069 μὲν
973 2022 1304 2075 transponendum
1333 2035 1470 2062 censeo

270 2115 339 2150 aut
375 2125 533 2164 prorsus
560 2113 863 2165 expungendum
890 2117 935 2153 ut
962 2114 1111 2153 scribae
1137 2114 1468 2164 additamentum3

272 2203 416 2254 optime
468 2204 571 2242 enim
619 2204 851 2243 antecedens
901 2201 1045 2252 νεκρούς
1090 2205 1289 2244 subaudiri
1329 2209 1468 2256 potest.

272 2292 452 2344 Propono
487 2295 608 2345 igitur
640 2295 697 2333 ita
722 2308 951 2347 componere
978 2300 1017 2334 et
1045 2295 1278 2334 emendare:
1308 2294 1484 2339 πολλοὺς·

270 2383 358 2438 (τῶν
400 2385 701 2441 ἀπογενομένων)
742 2389 796 2430 εἷς
841 2385 927 2431 τοὺς
968 2383 1173 2434 ὑπονόμους
1212 2409 1263 2415 -—-
1294 2385 1470 2435 φέροντες

271 2475 486 2529 ἐρρίπτουν;
509 2478 620 2528 cujus
645 2478 890 2529 conjecturae
916 2476 1081 2516 Portum
1108 2480 1306 2516 auctorem
1334 2476 1471 2517 habeo.

271 2568 411 2621 Neque
450 2569 492 2608 in
532 2569 579 2608 iis
616 2581 716 2621 quae
757 2571 973 2621 sequuntur
1012 2568 1165 2620 placere
1192 2567 1289 2607 mihi
1316 2568 1472 2621 quidem
