1924 3118
946 332 996 369 68

416 468 504 507 Lib.
537 468 610 507 IV.
642 482 673 507 e.
708 470 770 507 53.
801 467 988 513 πολλάκις
1004 467 1040 506 δὲ
1056 468 1087 507 οἱ
1110 470 1286 514 Ῥωμαῖοι
1302 467 1388 513 τοὺς
1404 467 1569 515 Γαβίους

364 559 609 604 ὠσάμενοι
656 562 722 597 καὶ
765 558 1090 603 κατακλείσαντες
1133 560 1187 603 εξ·
1229 558 1295 603 την
1333 558 1460 609 πόλιν,
1490 557 1568 596 κτὲ.

365 649 527 690 Latine:
569 663 685 703 saepe
713 650 881 690 Romani
911 650 1048 690 Gabiis
1067 651 1218 701 pulsis,
1244 663 1323 702 eqs.
1348 649 1436 689 Hoc
1455 662 1570 688 sensu

367 741 554 781 ὠθεῖσθαι
586 746 625 781 et
655 743 827 782 activum
857 742 967 781 ὠθεῖν
997 741 1093 781 mihi
1121 741 1303 781 videntur
1330 745 1421 781 ante
1435 754 1567 781 omnes

364 833 562 872 Homerus
591 838 630 873 et
660 834 816 886 Tragici
844 834 1040 873 adhibere.
1069 833 1172 872 Vide
1199 806 1312 872 Iliad.
1341 833 1461 872 VIII.
1479 835 1567 872 336.

418 925 448 964 οἱ
479 925 510 963 δ’
539 924 627 970 ἰθὺς
655 928 809 975 τάφροιο
835 925 1002 972 βαθείης
1028 921 1127 963 ὦσαν
1156 923 1353 973 Ἀχαιούς·

365 1014 466 1055 Iliad
495 1015 570 1055 XI.
602 1017 704 1067 803,
735 1017 825 1055 804.

416 1108 522 1144 Ῥεῖα
551 1105 590 1144 δέ
619 1107 654 1144 κ’
684 1108 856 1153 ἀκμῆτες
881 1110 1098 1155 κεκμηότας
1125 1105 1261 1154 ἄνδρας
1291 1107 1391 1155 ἀϋτῇ

416 1196 585 1238 ὤσαισθε
619 1200 725 1246 προτὶ
757 1196 856 1237 ἄστυ
885 1201 973 1237 νεῶν
1001 1196 1077 1238 ἄπο
1109 1201 1174 1237 καὶ
1203 1197 1393 1238 κλισιοέων.

369 1289 487 1342 Soph.
518 1289 617 1330 Oed.
647 1289 698 1328 R.
729 1291 818 1329 241.

418 1377 529 1418 ὠθεῖν
559 1379 589 1417 δ’
619 1379 687 1417 ἀπ’
715 1378 819 1418 οἴκων
850 1383 1025 1424 πάντας,
1058 1379 1106 1424 ὡς
1132 1377 1355 1426 μιάσματος

418 1471 517 1510 τοῦδ’
550 1470 639 1520 ἡμὶν
669 1470 781 1515 ὄντος.

419 1563 507 1602 Lib.
538 1562 612 1602 IV.
642 1576 674 1601 e.
707 1564 768 1601 75.
800 1560 864 1600 καὶ
893 1561 944 1600 τοὶ
976 1561 1139 1608 δόξαντα
1170 1567 1217 1609 τῇ
1245 1561 1366 1611 βουλῇ
1394 1561 1567 1611 Φέρειν

365 1654 417 1699 εἷς
455 1653 518 1693 τὸν
556 1653 684 1700 δῆμον.
721 1653 935 1705 Dionysius
964 1657 1125 1693 conatus
1154 1657 1212 1692 est
1242 1653 1390 1693 Graece
1417 1657 1569 1693 vertere

365 1744 469 1796 quod
511 1744 681 1783 Romani
710 1744 843 1783 dicunt
870 1745 978 1794 ferre
1005 1745 1054 1783 ad
1082 1745 1280 1796 populum.
1312 1744 1452 1783 Graeci
1479 1757 1570 1783 vero

363 1838 404 1876 in
444 1837 514 1876 tali
542 1850 587 1875 re
616 1840 784 1875 utuntur
813 1836 1025 1888 composito
1053 1834 1260 1887 ἐκφέρειν,
1292 1839 1336 1875 ut
1364 1835 1566 1875 Demosth.

365 1933 501 1969 contra
531 1929 725 1968 Neaeram
753 1942 839 1981 cap.
868 1930 905 1968 4.
933 1952 982 1957 —
1012 1930 1076 1966 καὶ
1103 1927 1281 1975 ἐξήνεγκε
1299 1927 1568 1976 προβούλευμα

360 2020 414 2065 εἷς
441 2020 503 2059 τὸν
539 2019 666 2068 δῆμον,
697 2019 776 2060 κτὲ.

415 2109 503 2148 Lib.
548 2110 599 2148 V.
644 2124 676 2149 e.
722 2112 755 2148 1.
794 2111 859 2147 καὶ
890 2108 994 2156 μετὰ
1022 2113 1129 2148 τοῦτο
1154 2109 1378 2158 καθαρμοῦ,1
1405 2114 1472 2159 τῆς
1500 2110 1568 2150 πό-

361 2210 455 2245 λεως
484 2203 723 2247 ποιησάμενοι
754 2193 819 2238 καὶ
849 2203 995 2247 ὅρκια.
1024 2199 1275 2246 ταμόντες
1302 2202 1366 2251 (of.
1397 2201 1484 2240 Lib.
1513 2201 1566 2240 X.

361 2307 393 2331 e.
428 2294 509 2343 59.)
552 2292 664 2331 Haec
693 2293 833 2331 ultima
860 2292 1063 2331 Herodoto
1091 2305 1169 2331 non
1196 2293 1333 2343 ignota
1348 2322 1358 2342 ‚
1389 2293 1567 2344 frequen-

363 2384 513 2423 tissime
541 2387 674 2423 tamen
709 2387 873 2435 usurpat
901 2383 1099 2423 Homerus
1127 2387 1171 2423 ut
1200 2383 1313 2423 Iliad.
1343 2383 1399 2422 II.
1431 2385 1518 2423 124.

417 2472 519 2521 εἴπερ
547 2472 623 2521 γάρ
651 2472 686 2511 κ’
718 2473 914 2520 ἐθέλοιμεν
944 2474 1101 2523 Ἀχαιοί
1127 2489 1169 2513 τε
1197 2474 1321 2523 Τρῶές
1352 2489 1392 2513 τε
1409 2504 1419 2520 ,

411 2567 519 2613 ὀρκιοο
549 2564 670 2603 πιστοὶ
695 2568 899 2612 ταμόντες,
926 2565 1228 2613 ἀριθμηθήμεναι
1253 2563 1387 2616 ἄμφω,
1412 2566 1491 2606 κτὲ.
