1924 3118
412 376 531 405 textum
565 376 725 414 irrepsisse
752 384 859 406 sensus
890 376 1048 414 perspicue
1073 374 1167 405 docet.
1196 374 1364 405 Difficilius
1384 375 1431 405 est
1451 374 1641 414 dijudicata,

413 441 442 470 si
471 439 591 479 quando
619 442 725 471 auctor
753 439 814 470 sibi
844 439 1035 479 obloquitur,
1070 440 1174 469 utrum
1206 439 1364 470 memoriae
1392 448 1491 470 errore
1511 439 1566 470 hoc
1588 440 1645 471 fac-

411 506 478 534 tum
508 505 551 534 sit
581 515 619 535 an
653 505 845 535 librariorum
879 505 972 541 vitio3
1004 504 1113 543 quodsi
1140 506 1245 535 auctor
1271 505 1304 534 in
1335 504 1437 534 eadem
1467 514 1499 534 re
1526 506 1646 544 saepius

414 570 494 599 errat
515 569 596 600 nihil
617 568 816 607 mutandum,
839 568 891 600 sed
913 569 940 599 si
962 569 995 599 in
1017 569 1094 599 satis
1115 568 1207 609 longo
1226 578 1312 609 opere
1333 578 1450 609 semper
1459 569 1520 600 sibi
1531 571 1648 601 constat

413 638 444 665 et
469 636 561 665 semel
582 636 631 666 vel
655 635 704 665 bis
727 635 763 665 de
785 637 867 665 recta
886 637 935 665 via
957 635 1108 665 declinare
1127 635 1250 666 videtur
1268 636 1405 666 librariis
1425 636 1481 666 hoc
1499 636 1649 674 imputan-

413 700 487 731 dum
516 702 547 731 et
579 700 750 740 conjectura
770 700 818 730 vel
837 699 1043 730 emendatione
1069 699 1214 731 utendum
1233 710 1298 731 esse
1319 710 1430 732 censeo.
1452 701 1562 732 Utitur
1580 701 1650 732 Dio-

413 767 522 806 nysius
555 771 645 806 κοινῇ
677 766 805 806 lingua,
837 767 870 796 in
899 775 960 805 qua
987 765 1062 805 quid
1097 774 1155 796 non
1194 767 1353 796 miscetur:
1386 767 1538 805 imprimis
1569 768 1648 798 amat

415 831 505 862 verbu
547 832 649 861 Ionica
690 833 721 860 et
752 831 888 869 poetica,
915 839 1128 870 nonnunquam
1160 830 1238 861 mihi
1268 831 1515 862 animadvertisse
1545 832 1649 863 videor

413 905 481 926 eum
503 897 596 926 etiam
617 895 796 926 Latinorum
817 894 979 925 dictionem
995 894 1184 926 adhibuisse.

453 960 587 999 Adolphi
609 961 796 999 Kiesslingii
816 960 909 990 editio
930 960 1007 990 mihi
1023 969 1093 999 prae
1114 959 1252 990 manibus
1273 961 1351 994 fuit,
1374 971 1428 991 nec
1449 961 1544 991 ullam
1554 963 1645 993 eliam

413 1024 449 1055 de
470 1025 616 1064 Dionysio
644 1024 923 1054 commentationem
946 1033 1014 1054 cum
1036 1024 1298 1055 observationibus
1319 1026 1393 1055 meis
1415 1025 1547 1056 conferre
1567 1026 1644 1056 mihi

414 1091 524 1129 licuit,
557 1092 619 1122 nisi
646 1101 736 1122 unam
764 1091 1011 1130 disquisitionem
1041 1091 1102 1121 viri
1122 1089 1199 1121 doct.
1220 1091 1258 1121 A.
1280 1091 1319 1122 H.
1341 1092 1460 1122 Garrer.
1483 1092 1528 1122 Ne
1548 1092 1646 1123 obser-

412 1157 547 1187 vationes
578 1156 701 1195 quidem
736 1155 811 1186 erit.
845 1158 875 1185 et
897 1156 963 1185 Pal.
991 1155 1029 1186 ad
1055 1156 1092 1186 D.
1121 1156 1161 1186 Η.
1182 1157 1242 1186 ant.
1264 1165 1337 1186 rom.
1359 1157 1419 1187 viri
1440 1157 1512 1187 clar.
1532 1157 1642 1192 Cobet,

412 1222 547 1260 inspexi:
571 1221 626 1251 hoe
647 1230 717 1252 vero
739 1221 877 1251 consulto
889 1244 896 1258 ‚
920 1223 955 1251 ut
975 1204 1049 1251 vere*
1065 1221 1207 1251 confitear
1224 1231 1260 1251 ne
1281 1221 1353 1252 talis
1372 1222 1433 1253 viri
1453 1231 1539 1261 opere
1559 1222 1646 1256 lecto.

411 1287 616 1316 annotationes
649 1295 730 1315 meas
743 1308 751 1322 ,
781 1285 844 1324 jam
872 1286 941 1315 ante
972 1285 1084 1322 factas,
1106 1294 1230 1323 prorsus
1251 1285 1394 1325 indignas
1415 1286 1550 1320 putarem
1570 1295 1646 1325 quas

412 1353 444 1381 in
475 1351 574 1381 lucem
605 1351 732 1381 ederem.
764 1351 835 1381 Nisi
861 1351 910 1380 lex
931 1360 978 1380 me
994 1350 1118 1389 juberet
1138 1353 1173 1381 ut
1194 1351 1283 1381 finem
1303 1351 1486 1389 imponerem
1506 1350 1647 1381 disserta-

413 1416 490 1446 tioni
522 1424 622 1453 meae,
644 1415 743 1446 libens
765 1415 851 1445 aliud
872 1416 1086 1454 argumentum
1106 1415 1276 1455 elegissem.
1297 1415 1365 1445 Jam
1386 1415 1486 1455 igitur
1505 1414 1646 1446 benevole

413 1479 523 1510 lector!
566 1480 621 1510 has
661 1480 886 1519 qualescunque
928 1479 1027 1518 accipe
1053 1478 1274 1509 emendationes
1301 1480 1332 1509 et
1361 1478 1582 1510 observationes
1612 1481 1643 1510 in

411 1546 493 1577 hunc
512 1546 673 1577 auctorem.
