1924 3118
988 417 1010 455 ⁷

398 553 547 594 tinebat
595 568 713 607 quam
754 555 966 607 praebebat
1011 568 1255 596 communem
1299 560 1338 595 et
1379 555 1594 594 maximam

395 645 732 698 aequabilitatem3
786 646 923 699 quodsi
964 647 1064 706 bene
1103 647 1294 701 perspicio
1336 647 1452 687 liceat
1500 645 1596 685 mihi

398 750 468 788 pro
495 736 721 786 περιέχουσα
748 751 935 790 reponere
963 737 1200 787 παρέχουσαι.

451 826 656 867 emblema
694 828 908 868 tollendum
947 829 1045 868 mihi
1087 805 1242 868 videtur
1287 828 1363 867 Lib
1393 827 1438 866 Π
1466 840 1499 867 0.
1533 828 1594 866 18.

399 915 467 953 ubi
495 917 682 968 scriptum
713 921 791 956 est:
820 916 901 965 ἱεροὶ
929 917 1000 964 μὲν
1026 914 1086 956 οὖν
1114 919 1180 955 καὶ
1204 916 1342 964 τεμένη
1358 915 1424 955 καὶ
1438 915 1594 963 βωμοὺς

401 1004 464 1044 καὶ
505 1005 638 1052 ξοάνων
679 1005 833 1055 ἱδρύσεις
875 1009 1040 1057 (μορφάς
1080 1022 1123 1045 τε
1162 1008 1285 1046 αὐτῶν
1313 1011 1378 1046 κοιὶ
1409 1006 1594 1054 σύμβολα

396 1098 462 1135 καὶ
503 1095 677 1144 δυνάμει,-
721 1099 786 1136 aaz
828 1096 985 1146 δωρεὰς,
1034 1093 1095 1143 af:
1138 1097 1179 1137 τὸ
1218 1096 1325 1145 γένος
1356 1098 1459 1145 ἡμῶν
1488 1097 1592 1146 simp·

398 1187 606 1239 γε’τησκν),
648 1186 776 1236 ἑορτάς
819 1202 862 1226 τε
902 1211 953 1217 —-
984 1190 1051 1226 καὶ
1078 1186 1216 1233 θυσίας
1246 1212 1296 1216 -
1326 1187 1594 1234 κατεστήσατο

400 1291 480 1331 eqs.
523 1278 633 1324 Quae
674 1278 785 1318 uncis
824 1278 964 1318 inclusi
1003 1278 1213 1330 rejicienda
1257 1278 1354 1318 mihi
1397 1279 1594 1319 videntur.

401 1367 533 1414 Quid?
574 1368 715 1408 Nonne
755 1367 1077 1408 absurdissimum
1118 1372 1178 1408 est
1217 1368 1345 1409 dicere
1385 1368 1600 1409 Romulum

376 1461 623 1500 'instituisse
655 1460 815 1500 deorum
855 1461 999 1500 formas
1035 1464 1075 1500 et
1114 1461 1283 1513 insignia
1318 1464 1357 1500 et
1384 1464 1598 1514 potestates

400 1555 439 1591 et
468 1551 569 1591 dona
595 1542 696 1604 quae
722 1553 763 1591 in
787 1552 1002 1591 humanum
1016 1565 1140 1604 genus
1154 1552 1433 1592 contulerunt?
1447 1551 1601 1592 Deinde

402 1656 479 1703 ‘1¹²9
519 1643 687 1695 pertinet
726 1643 824 1682 illud
850 1642 1004 1682 αὐτῶνθ
1031 1643 1140 1683 Num
1167 1643 1218 1683 ad
1245 1642 1326 1691 ἱερὰ
1357 1642 1424 1682 κτὲ
1440 1645 1460 1683 1>
1488 1643 1601 1684 Haec

398 1734 529 1774 omnia
558 1734 635 1775 huc
664 1747 742 1774 non
770 1735 968 1788 pertinent
995 1738 1035 1775 et
1062 1747 1114 1775 ex
1141 1735 1218 1775 alio
1249 1735 1333 1795 loco
1357 1738 1449 1775 sunt
1463 1735 1596 1787 illata3

400 1838 534 1864 sensus
548 1838 640 1865 vero
658 1826 802 1877 optime
816 1825 989 1877 procedit
1002 1826 1165 1865 molesto
1179 1825 1413 1866 emblemate
1428 1826 1596 1866 sublato.

455 1916 543 1955 Lib.
584 1916 641 1954 II.
680 1928 712 1954 c.
743 1918 805 1955 55.
832 1917 918 1955 init.
946 1916 976 1954 οἱ
1004 1918 1197 1965 λοχῶντες
1228 1940 1279 1946 -
1310 1914 1586 1964 προσπεσόντες

397 2004 602 2055 οἱνθρώποι,1
643 2006 933 2055 μεμοχθηκόσιν
974 2006 1082 2047 αὐτοὶ
1125 2009 1298 2055 ἀκμῆτες
1327 2006 1433 2054 ὄντες
1462 2008 1503 2049 οὺ
1533 2008 1601 2048 σὺν

398 2097 526 2146 πολλῷ
551 2096 723 2146 τρέπουσι
750 2095 865 2146 χρόν
878 2111 916 2146 ῳ.
942 2096 1107 2151 Saepius
1123 2096 1282 2150 quidem
1299 2097 1405 2151 apud
1418 2100 1597 2139 nostrum

399 2191 545 2229 occurit
568 2189 636 2228 σὺν
662 2186 806 2240 χρόνῳ,
835 2202 1028 2242 nusquam
1056 2192 1189 2229 tamen
1216 2189 1321 2242 quod
1347 2189 1468 2229 sciam
1483 2188 1594 2229 addit

402 2283 637 2336 adjectivum
677 2280 817 2333 πολύς;
857 2282 1107 2322 vehementer
1147 2281 1269 2333 igitur
1310 2280 1447 2322 dubito
1475 2295 1527 2322 an
1556 2282 1599 2321 in

400 2374 519 2424 χρόνῳ
546 2375 686 2414 vitium
713 2374 855 2425 lateat3
883 2386 954 2412 nec
975 2372 1042 2412 diu
1069 2371 1320 2426 cogitandum
1347 2372 1396 2413 de
1411 2372 1602 2414 vocabulo

403 2466 694 2516 substituendo,
735 2478 857 2518 quum
892 2477 1015 2517 parva
1041 2465 1258 2505 mutatione
1284 2465 1427 2522 locutio
1454 2465 1603 2505 oriatur

404 2559 550 2598 usitata
576 2571 695 2611 quam
721 2558 795 2596 loci
821 2557 1017 2597 sententia
1040 2555 1195 2596 videtur
1208 2556 1418 2609 requirere.
1434 2556 1605 2597 Romani

407 2664 546 2703 nempe
586 2664 706 2703 quum
750 2651 827 2689 sint
868 2649 1011 2700 integri
1053 2648 1183 2688 hostes
1222 2649 1307 2699 jam
1335 2648 1503 2688 defessos
1531 2660 1608 2687 mm
