1924 3118
925 383 976 419 65

352 520 574 566 πλάνοις
618 522 653 559 ἐν
683 526 729 570 τῇ
759 520 927 571 πολεμίᾳ
956 520 1136 570 κατέχειν
1167 520 1281 567 ὑμᾶς.
1310 520 1397 560 Hoc
1426 532 1557 559 exem·

351 614 459 665 plum
501 617 540 652 et
584 613 725 651 similia
754 616 908 652 secutus
943 626 1080 652 censeo
1109 610 1263 651 πλείονοι
1294 612 1390 651 vitio
1419 614 1556 657 natum

349 717 432 743 esse
475 717 527 743 ex
566 702 806 747 πλάνητα
843 707 882 742 et
913 707 1112 742 auctorem
1139 703 1337 755 scripsisse
1365 704 1556 749 ἄγραυλον

352 798 416 832 καὶ
473 797 707 837 πλάνητα
749 793 831 839 βίον
847 823 858 837 ,
906 793 1010 844 quod
1053 793 1199 845 optime
1240 792 1421 831 convenit
1466 803 1556 829 cum

349 887 526 938 sequenti
555 885 663 924 πόλιν
689 886 827 934 ἐχυρὰν
842 883 1208 931 καταλαμβάνεται.
1230 883 1289 923 Of.
1305 883 1425 922 etiam
1440 881 1546 920 Plut.

350 976 483 1015 Numa
509 991 540 1015 c.
570 978 607 1015 4.
638 976 706 1015 ubi
733 976 868 1015 eadem
896 975 1085 1015 vocabula
1113 977 1321 1027 conjuncta
1349 978 1451 1013 sunt.

401 1067 541 1106 Restat
569 1067 664 1106 mihi
689 1070 734 1105 ut
757 1051 999 1118 paucissimis
1023 1065 1070 1104 de
1094 1065 1260 1104 dialecto
1283 1064 1384 1103 etde
1400 1064 1551 1103 ratione

349 1158 500 1197 dicendi
527 1157 707 1210 Dionysii
733 1156 932 1196 disseram.
961 1155 1010 1194 In
1037 1168 1136 1207 quo,
1162 1155 1297 1207 opinor
1314 1184 1323 1204 ‚
1339 1154 1438 1193 nihil
1454 1166 1550 1206 opus

349 1252 407 1288 est
435 1252 480 1287 ut
504 1248 638 1287 multis
667 1246 928 1286 demonstrem
951 1246 1035 1297 ejus
1059 1246 1234 1296 linguam
1261 1245 1360 1283 sicut
1377 1244 1550 1284 omnium

351 1340 513 1389 hujusce
542 1338 728 1389 temporis
755 1340 959 1375 auctorum
986 1337 1105 1375 variis
1132 1336 1255 1375 modis
1283 1336 1501 1387 discrepare
1527 1349 1552 1374 a

351 1434 457 1469 certa
504 1434 543 1468 et
587 1428 781 1468 constanti
822 1426 1099 1466 consuetudine
1139 1426 1373 1465 Atticorum.
1417 1425 1547 1470 Quum

350 1519 480 1560 omnia
521 1519 638 1570 longa
679 1517 741 1557 die
780 1516 980 1555 immutari
1019 1516 1167 1555 soleant
1204 1516 1289 1555 fieri
1315 1528 1392 1555 non
1419 1516 1547 1568 potuit

349 1614 392 1649 ut
439 1611 586 1649 formae
627 1613 665 1648 et
712 1608 1015 1660 significationes
1054 1607 1261 1646 verborum
1305 1620 1405 1659 quae
1446 1608 1550 1660 apud

349 1701 506 1741 Atticos
544 1702 722 1753 vigerent
755 1713 824 1740 eae
850 1701 892 1740 in
918 1700 1047 1740 omnia
1074 1703 1250 1752 tempora
1272 1700 1448 1752 integrae
1469 1712 1550 1739 ma-

350 1794 500 1830 nerent.
541 1790 629 1830 Hoc
669 1790 861 1844 imprimis
896 1803 1012 1843 agam
1053 1793 1119 1841 ut,
1157 1790 1317 1843 prolatis
1354 1789 1549 1830 nonnullis

350 1883 529 1933 Dionysii
570 1882 721 1920 dicendi
747 1882 963 1920 rationibus
990 1895 1041 1920 ex
1067 1882 1241 1920 Homero
1266 1883 1430 1933 aliisque
1456 1895 1549 1920 auc-

348 1973 497 2012 toribus
536 1972 746 2025 depromtis
762 2005 772 2021 ,
810 1972 1069 2013 demonstrem
1110 1976 1286 2013 nostrum
1328 1973 1461 2014 Ionica
1496 1977 1536 2015 et

348 2063 500 2115 poetica
526 2063 638 2103 valde
665 2076 807 2103 amare.

401 2155 488 2193 Lib.
526 2154 560 2194 I.
600 2168 632 2193 c.
671 2156 707 2192 4.
745 2151 800 2192 ὅτι
838 2157 906 2202 τῆς
948 2151 1174 2199 ἀοιδίμου
1213 2151 1413 2199 γενομένης
1451 2151 1545 2191 καθ’

350 2248 454 2292 ἡμᾶς
493 2245 637 2290 πόλεως
662 2275 672 2295 ,
701 2244 780 2283 κτὲ.
809 2244 858 2283 In
885 2245 990 2283 hisce
1015 2243 1178 2290 ἀοίδιμος
1206 2248 1264 2282 est
1292 2244 1545 2294 Tragicorum

347 2341 386 2376 et
417 2336 621 2386 Herodoti,
649 2336 823 2376 oratione
847 2336 974 2375 soluta
988 2333 1210 2374 Atticorum
1223 2347 1301 2374 non
1315 2347 1542 2386 occurrens,

350 2440 421 2481 pro
449 2425 600 2474 ἔνδοξος.
631 2426 827 2466 Homerus
857 2426 976 2465 semel
1003 2425 1075 2465 hoe
1101 2425 1333 2465 vocabulum
1346 2425 1388 2465 in
1400 2426 1544 2467 malam

349 2522 505 2571 partem
531 2518 684 2570 accipit.
714 2517 826 2557 Iliad.
855 2517 930 2557 VI.
959 2518 1048 2556 358.

403 2608 492 2648 Lib.
521 2608 554 2648 I.
586 2622 618 2648 c.
651 2610 687 2648 5.
716 2605 771 2647 ὅτι
797 2606 933 2657 μυρίοις
948 2606 1102 2654 ἤνεγκεν
1129 2606 1309 2649 ἀνδρῶν
1339 2607 1544 2658 ἀρετάς,

1423 2700 1447 2740 5
