1924 3118
898 356 948 393 63

327 497 566 534 πενεστάτων
592 491 880 539 βουλευτῶν
912 492 948 529 ἐν
975 494 1054 536 τοῖς
1083 492 1184 529 κατὰ
1212 491 1275 530 τὸν
1304 490 1386 537 βίον
1402 490 1525 530 διατε-

323 590 415 624 λεῖν.
448 584 579 623 Minus
611 582 708 622 mihi
738 582 867 634 placet
894 581 998 633 quod
1020 581 1147 621 editur
1160 580 1389 628 βουλευτῶν.
1407 581 1524 621 Sena-

327 679 430 714 tores
459 688 538 714 non
566 678 648 713 tam
676 686 866 726 pauperes
883 676 994 712 erant
1007 702 1018 723 ‚
1033 673 1205 724 alioquin
1219 672 1393 711 historici
1408 673 1525 724 hujus
1544 680 1549 683 “

327 766 512 818 temporis
538 778 616 804 non
643 768 724 804 tam
754 763 898 803 diserte
925 763 972 803 de
987 762 1158 802 Fabricii
1173 767 1405 816 paupertate
1418 776 1524 802 men-

327 858 474 896 tionem
501 857 691 896 fecissent.
720 856 931 895 Praeterea
958 856 1077 894 etiam
1096 855 1128 894 si
1152 855 1224 894 hoc
1239 868 1375 894 verum
1390 855 1526 894 fuisset

325 948 485 987 minime
511 947 636 986 simile
661 947 744 986 veri
771 949 829 985 est
856 958 988 997 regem
1015 945 1215 998 Pyrrhum
1244 946 1345 985 hanc
1375 946 1423 985 de
1446 946 1524 998 pri-

325 1038 497 1078 moribus
523 1039 564 1076 in
591 1038 791 1090 praeclara
818 1037 1085 1077 Romanorum
1112 1038 1271 1077 civitate
1286 1037 1524 1076 sententiam

326 1128 520 1167 habuisse.
549 1127 867 1180 Expungendum
893 1128 1015 1179 igitur
1040 1130 1115 1166 τῶν
1128 1127 1341 1174 βουλευτῶν
1356 1141 1440 1168 esse
1453 1140 1524 1180 pro

330 1222 436 1258 certo
487 1218 611 1257 habeo
655 1231 725 1270 pro
765 1231 842 1270 quo
883 1218 1197 1258 substituendum
1237 1231 1398 1259 censeo:
1443 1223 1524 1257 τῶν

328 1309 492 1348 πολιτῶν
519 1309 582 1348 vel
608 1310 790 1347 πελατῶν
817 1308 880 1348 vel
909 1308 988 1348 tale
1017 1308 1123 1361 quid.

381 1398 530 1437 Eodem
557 1399 684 1450 capite
710 1390 827 1450 paulo
854 1399 976 1437 infra:
1005 1397 1067 1436 καὶ
1097 1402 1236 1446 πρῶτον
1264 1400 1333 1446 μὲν
1363 1401 1426 1438 ἐπὶ
1452 1402 1524 1443 τὰς

328 1488 566 1536 διαλλαγάς,
599 1486 664 1533 ὅση
695 1489 851 1535 δυ’νσιμις
882 1490 919 1527 ἔν
942 1489 1019 1538 σοί,
1036 1489 1270 1537 παρόρμησον
1284 1490 1524 1537 τὴν-βουλήν,

328 1576 533 1624 διδάσκων,
564 1579 619 1623 ὥς
651 1578 732 1618 ἐπὶ
761 1584 896 1635 κακῷ
927 1583 995 1625 τῆς
1025 1578 1170 1625 πόλεως
1197 1580 1305 1628 ὑμῶν
1333 1580 1526 1631 ἀφῖγμαι.

328 1668 475 1709 Reiske
503 1673 591 1722 post
613 1670 660 1713 ὡς
682 1670 846 1709 inseruit
868 1670 1115 1722 negationem
1129 1669 1170 1710 οὐ
1186 1684 1305 1724 quam
1319 1671 1527 1712 admodum

328 1760 448 1798 miror
474 1759 754 1812 Kiesslingium
781 1773 860 1800 non
887 1762 1090 1813 recepisse.
1120 1762 1186 1801 Ex
1216 1766 1404 1802 contextu
1423 1764 1527 1803 enim

330 1849 418 1890 luce
445 1850 586 1890 clarius
614 1854 776 1904 apparet
801 1852 1049 1904 negationem
1063 1852 1126 1892 hic
1140 1854 1356 1894 necessario
1369 1855 1526 1907 requiri.

331 1939 510 1993 Pyrrhus
551 1945 682 1981 monet
725 1941 950 1982 Fabricium
989 1946 1034 1982 ut
1074 1956 1226 1983 summa
1266 1957 1339 1997 ope
1376 1947 1528 1985 senatui

330 2045 466 2085 pacem
496 2032 677 2083 suadeat,
706 2045 795 2072 eum
824 2033 964 2072 docens
992 2016 1033 2072 se
1059 2034 1101 2072 in
1129 2034 1286 2073 Italiam
1313 2036 1464 2075 venisse
1482 2041 1526 2076 ut

330 2123 553 2163 Tarentinis
581 2136 694 2176 opem
721 2123 863 2174 ferret,
893 2124 1142 2177 graviterque
1155 2125 1325 2165 affirmat
1339 2139 1379 2165 se
1394 2127 1526 2167 statim

331 2219 418 2268 post
461 2215 671 2254 amicitiam
714 2228 802 2254 cum
842 2214 1031 2254 Romanis
1060 2215 1303 2255 conciliatam
1329 2229 1380 2255 ex
1408 2217 1526 2258 Italia

332 2303 602 2344 discessurum.
646 2303 749 2349 Quid
785 2316 877 2344 vero
913 2304 990 2344 huc
1016 2304 1157 2344 attinet
1185 2317 1225 2345 se
1251 2305 1302 2345 ad
1330 2305 1525 2348 Romano-

334 2407 423 2433 rum
452 2395 663 2447 pernioiem
686 2395 866 2434 venisse?
894 2394 1025 2434 Facile
1048 2396 1233 2447 intelligis
1256 2396 1329 2436 hoc
1343 2398 1435 2437 ferri
1449 2412 1527 2438 non

331 2499 471 2538 posse3
500 2486 630 2525 omnia
657 2486 761 2525 enim
790 2495 890 2538 quae
915 2484 1146 2526 adhibuerat
1174 2500 1245 2527 rex
1272 2491 1317 2527 ut
1343 2489 1525 2532 Fabricio

331 2575 582 2630 persuaderet
632 2588 673 2616 se
717 2575 820 2616 bona
860 2575 936 2615 fide
979 2590 1115 2630 pacem
1153 2582 1285 2632 petere
1325 2580 1398 2621 hoe
1441 2582 1526 2636 ipso
