1924 3118
944 319 994 356 62

363 455 510 495 excidit
555 455 622 495 sed
664 459 752 500 ταῖς
780 459 923 501 ἄλλαις
952 470 1002 496 ex
1030 469 1158 496 errore
1186 456 1336 496 librarii
1366 456 1568 507 cujusdam

363 549 502 585 natum
542 550 601 585 est
642 560 764 598 quum
803 548 886 599 ipse
913 551 1048 586 auctor
1087 549 1132 585 ἐν
1161 545 1421 594 μεγάλαις
1449 547 1569 599 scrip-

363 636 488 675 sisset.
523 636 562 674 Ν
565 649 640 675 uno
669 636 825 675 demum
853 638 980 676 locum
1009 641 1190 676 sanatum
1219 650 1367 688 censeo,
1397 650 1567 690 namque

361 725 392 764 οἱ
432 727 468 763 ἐν
500 729 694 773 μεγάλαις
722 726 824 772 ὄντες
854 727 995 776 ἀρχκῒς
1024 728 1169 779 optime
1199 727 1249 766 ad
1278 740 1400 767 unum
1426 728 1566 767 Laeto-

360 819 463 857 rium
502 818 638 857 referri
678 822 827 870 potest,
873 832 1000 870 neque
1042 819 1146 871 quod
1188 833 1359 872 propono
1400 819 1515 859 nimis
1541 833 1565 859 a

360 909 535 949 codicum
564 910 757 962 scriptura
785 910 940 949 differre
968 910 1135 950 videtur.

412 1001 638 1040 Ridiculum
669 1000 861 1040 emblema
887 1001 1102 1040 tollendum
1130 1013 1181 1040 ex
1209 1001 1297 1040 Lib.
1322 1000 1462 1040 XVII.
1478 1014 1562 1053 cap.

361 1096 422 1133 15.
451 1093 612 1144 (Kiessl.
642 1094 716 1133 IV.
741 1107 779 1145 p.
810 1095 919 1144 229.)
949 1093 1175 1133 Postumius
1193 1091 1465 1139 ἐπιλεξάμενος
1480 1090 1557 1139 γὰρ

359 1186 401 1224 ἐκ
427 1189 495 1234 τῆς
523 1184 656 1224 ἑαυτοῦ
686 1189 870 1232 στρατιᾶς
897 1186 981 1232 περὶ
1008 1184 1094 1227 τοὺς
1122 1183 1330 1233 δισχιλίους
1353 1183 1490 1232 ἄνδρας
1506 1183 1558 1228 εἷς

355 1275 442 1322 τοὺς
469 1275 580 1322 ἰδίου,-
608 1274 746 1325 αὶγροὺς
762 1275 973 1323 οὶπήγαιγεν
988 1272 1040 1321 οἷς
1063 1275 1178 1314 ἄνευ
1203 1275 1401 1324 σιδήρου
1425 1275 1558 1324 δρυμὸν

357 1368 531 1406 ἐκέλευσε
572 1367 714 1414 κείρειν.
758 1367 959 1412 Quomodo
1001 1368 1088 1418 quis
1127 1371 1355 1419 quercetum
1394 1366 1557 1406 caedere

358 1461 480 1512 possit
508 1461 610 1499 ferro
637 1473 715 1498 non
741 1463 856 1498 utens
883 1471 1018 1508 nemo,
1047 1459 1194 1509 opinor,
1223 1457 1351 1497 adhuc
1364 1457 1559 1496 intellexit

356 1564 429 1591 nec
478 1563 652 1602 unquam
698 1549 903 1601 intelliget.
944 1546 1113 1588 Videtur
1153 1561 1178 1588 a
1219 1547 1335 1588 sciolo
1377 1547 1560 1601 quopiam

356 1640 597 1693 adscriptum
623 1639 729 1679 istud
756 1637 844 1677 ἄνευ
873 1637 1016 1687 σιδήρου
1043 1652 1120 1691 quo
1148 1639 1274 1691 magis
1301 1638 1495 1678 horrenda
1519 1643 1559 1678 et

357 1733 427 1771 vix
468 1731 627 1771 ferenda
666 1732 834 1770 consulis
868 1731 1033 1770 audacia
1058 1730 1267 1770 videretur.
1299 1730 1364 1769 Ex
1391 1731 1439 1768 iis
1467 1743 1560 1770 vero

358 1836 459 1875 quae
487 1823 620 1862 statim
648 1825 864 1874 sequuntur
892 1821 1109 1861 luculenter
1132 1824 1296 1874 apparet
1311 1820 1558 1861 Postumium

354 1913 498 1952 milites
543 1925 632 1952 suos
673 1925 751 1952 non
792 1913 936 1965 ineptis
976 1916 1016 1951 et
1043 1912 1258 1965 puerilibus
1284 1911 1559 1951 vexationibus

354 2005 528 2043 cruciare
567 2004 736 2043 voluisse
771 2003 839 2043 sed
867 2016 932 2043 eos
962 2004 1132 2055 coegisse
1158 2007 1203 2042 ut
1230 2003 1557 2042 mercenariorum

352 2099 391 2135 et
419 2095 654 2135 famulorum
688 2107 824 2147 operas
853 2095 1048 2146 facerent3
1078 2094 1220 2146 quibus
1247 2094 1295 2134 de
1323 2095 1450 2134 causis
1476 2107 1554 2134 non

354 2185 490 2224 dubito
517 2186 612 2237 quin
639 2186 884 2237 praeclarum
913 2184 1019 2224 istud
1032 2187 1122 2223 ἄνευ
1137 2183 1279 2232 σιδήρου
1294 2184 1422 2237 lepido
1437 2184 1556 2224 sciolo

351 2287 471 2328 quam
499 2276 669 2328 primum
699 2276 750 2315 sit
777 2274 1029 2315 reddendum.

405 2366 585 2419 Pyrrhus
611 2367 684 2406 hoo
712 2379 832 2419 agens
860 2371 905 2405 ut
924 2366 1149 2406 Fabricium
1165 2367 1274 2406 donis
1289 2371 1554 2420 corrumperet

350 2458 405 2497 sic
433 2470 523 2497 eum
551 2457 599 2497 de
628 2471 700 2497 sua
718 2462 951 2511 paupertate
964 2459 1159 2499 monuisse
1173 2459 1312 2499 fertur:
1330 2459 1418 2498 Lib.
1435 2457 1552 2498 XIX.

350 2561 383 2590 0.
430 2549 491 2588 14.
533 2548 693 2600 (Kiessl.
723 2549 797 2589 IV.
826 2563 864 2602 p.
895 2551 1004 2602 242.)
1031 2548 1127 2590 ὥστε
1153 2550 1266 2598 μηδὲν
1293 2553 1445 2598 ἄμεινον
1472 2552 1550 2588 τῶν
