1924 3118
953 381 1004 418 53

379 519 475 558 mihi
502 520 629 571 placet
655 517 760 566 μετὰ
788 518 940 557 πολλῶν
969 517 1073 569 quod
1104 530 1128 555 a
1159 529 1279 556 manu
1308 516 1476 555 auctoris
1491 528 1579 568 pro·

381 610 526 648 fectum
552 623 637 648 esse
663 610 847 661 suspicor.

435 699 522 739 Lib.
565 700 617 739 X.
659 713 691 739 c.
732 701 795 739 46.
827 698 900 746 ἐγὼ
927 697 959 737 δ’
988 698 1089 745 ὑμᾶς
1115 695 1193 744 ἄξω
1222 699 1306 736 καὶ
1335 695 1471 742 ἄδηλον
1499 701 1578 742 τοῖς

379 789 533 838 ἐχθροῖς
572 789 673 834 ὁδόν,
716 792 781 828 καὶ
822 789 972 835 πολλὰς
1013 789 1175 835 ἐλπίδας
1216 788 1317 838 ἔχω,
1365 788 1444 828 κτὲ.
1476 775 1578 828 Gon—

372 882 524 932 junctio
564 883 629 919 κοιὶ
657 882 792 933 procul
820 881 937 920 dubio
967 894 1018 919 ex
1046 893 1175 919 errore
1202 880 1449 918 librariorum
1481 882 1577 917 nata

377 984 494 1022 quam
534 972 703 1023 primum
742 971 930 1010 mutanda
965 974 1024 1009 est
1050 970 1091 1008 in
1120 969 1227 1008 κατ’
1255 973 1299 1008 ut
1328 969 1444 1021 paulo
1471 969 1574 1008 infra

377 1059 466 1099 κατ’
493 1058 621 1105 ἄλλοις
649 1060 765 1105 ὁδούς.

434 1152 521 1191 Lib.
551 1152 603 1191 X.
632 1165 664 1191 c.
697 1153 759 1191 54.
789 1151 822 1190 οἱ
846 1151 877 1189 δ’
900 1150 965 1190 οὐκ
988 1150 1140 1199 ἔχοντες
1163 1154 1184 1190 ὅ
1205 1165 1241 1189 τι
1266 1149 1578 1199 πράττουσιν

378 1238 518 1290 ἕτερον,
560 1241 642 1279 κτέ.
684 1241 817 1281 Praes.
861 1241 984 1281 Indic.
1026 1241 1231 1289 πράττουσι
1274 1242 1457 1281 vitiatum
1490 1255 1574 1282 esse

381 1333 631 1372 manifestum
658 1336 716 1371 est
728 1323 742 1383 ς’
766 1333 863 1372 solet
890 1333 994 1372 enim
1021 1333 1062 1372 in
1091 1333 1293 1372 sententiis
1311 1345 1410 1384 quae
1424 1332 1577 1372 dubita-

378 1422 523 1461 tionem
546 1422 772 1474 exprimunt
800 1435 888 1461 cum
915 1421 980 1460 οὐκ
1008 1421 1085 1471 ἔχω
1115 1419 1137 1461 δ’
1160 1436 1196 1460 τι
1225 1423 1440 1474 conjunctis
1463 1421 1578 1462 'adhi-

379 1512 463 1551 beri
491 1516 559 1551 aut
589 1507 699 1563 Oonj.
727 1516 796 1551 aut
819 1512 911 1551 Fut.
927 1512 1013 1551 Ind.
1029 1525 1194 1564 quorum
1208 1513 1391 1551 ultimum
1405 1513 1577 1552 maxime

380 1603 476 1642 mihi
516 1603 579 1642 hic
622 1603 779 1642 arridet.
822 1603 1026 1642 Substituo
1061 1604 1182 1655 igitur
1213 1617 1336 1656 parva
1362 1605 1577 1644 mutatione

378 1698 632 1734 ΠΡΑΞΟΥΟῙ
661 1707 731 1747 pro
757 1696 1072 1734 IIPATTOTGI.

431 1786 599 1838 Negatio
626 1785 830 1824 inserenda
859 1789 918 1824 est
946 1785 1033 1823 Lib.
1063 1784 1138 1823 XI.
1154 1797 1238 1836 cap.
1255 1787 1291 1824 8.
1306 1785 1375 1824 ubi
1388 1786 1574 1837 legimus:

355 1877 405 1915 *ez
435 1876 511 1924 γὰρ
535 1900 586 1905 ——
613 1875 800 1923 βούλεταί
824 1890 883 1921 τις
912 1874 1087 1924 εἶκοὶζειν,
1119 1874 1239 1920 πολὺς
1266 1876 1289 1913 o‘
1314 1874 1418 1922 μετὰ
1446 1879 1575 1916 τοῦτον

375 1966 481 2006 ἔσται
518 1965 669 2015 χρόνος,
700 1967 745 2004 ἐν
774 1963 799 2014 ᾧ
831 1969 942 2014 περὶ
971 1966 1112 2011 οὐδενὸς
1140 1966 1212 2004 τῶν
1242 1969 1368 2005 κοινῶν
1398 1976 1572 2006 συνελευ-

374 2057 528 2104 σόμεθα
563 2056 860 2104 βουλευσόμενοι.
889 2057 1224 2096 Absurdissimum
1252 2057 1324 2097 hoc
1353 2070 1436 2097 esse
1464 2071 1573 2098 sena-

374 2152 463 2188 tum·
499 2149 704 2188 convenire
745 2148 791 2187 de
831 2149 946 2187 nulla
988 2161 1032 2187 re
1066 2148 1231 2198 publica
1261 2148 1573 2188 deliberaturum

374 2254 507 2290 nemo,
537 2240 692 2292 opinor,
720 2252 798 2278 non
825 2238 1018 2278 concedet.
1047 2238 1190 2278 Procul
1218 2239 1334 2280 dubio
1350 2226 1485 2280 auctor
1499 2241 1573 2281 hoc

374 2331 486 2370 dicit:
528 2343 715 2382 magnum
755 2318 971 2371 intercedet*
995 2333 1150 2382 tempus
1177 2343 1254 2382 quo
1282 2343 1359 2370 non
1386 2333 1571 2371 conveni-

374 2435 483 2460 emus
523 2421 570 2460 de
608 2422 694 2459 ulla
724 2434 767 2460 re
785 2421 1066 2471 deliberaturi,
1096 2421 1199 2473 quod
1228 2422 1422 2461 constanti
1452 2422 1573 2463 Grae-

374 2525 506 2551 corum
536 2511 812 2550 consuetudine
838 2512 893 2551 sic
921 2511 1081 2551 dicitur:
1106 2513 1141 2550 ἐν
1156 2508 1181 2560 ᾧ
1197 2526 1213 2551 ο
1225 2512 1248 2550 ὑ
1264 2514 1348 2560 περὶ
1364 2512 1506 2558 οὐδενὸς
1522 2537 1573 2543 ——

374 2602 683 2650 συνελευσόμεθα
722 2601 1024 2650 βουλευσόμενοι.
1069 2604 1223 2658 Inspice
1264 2606 1360 2645 mihi
1396 2620 1480 2660 cap.
1516 2609 1579 2646 20.
