<?xml version="1.0" encoding="UTF-8"?>
<!DOCTYPE html PUBLIC "-//W3C//DTD XHTML 1.0 Transitional//EN"
    "http://www.w3.org/TR/xhtml1/DTD/xhtml1-transitional.dtd">
<html xmlns="http://www.w3.org/1999/xhtml" xml:lang="en" lang="en">
 <head>
  <title>
</title>
<meta http-equiv="Content-Type" content="text/html;charset=utf-8" />
  <meta name='ocr-system' content='tesseract 3.04.00' />
  <meta name='ocr-capabilities' content='ocr_page ocr_carea ocr_par ocr_line ocrx_word'/>
</head>
<body>
  <div class='ocr_page' id='page_1' title='image "4737901_0015.png"; bbox 0 0 1924 3118; ppageno 0'>
   <div class='ocr_carea' id='block_1_1' title="bbox 719 1222 1162 1263">
    <p class='ocr_par' dir='ltr' id='par_1_1' title="bbox 719 1222 1162 1263">
     <span class='ocr_line' id='line_1_1' title="bbox 719 1222 1162 1263; baseline -0.007 0"><span class='ocrx_word' id='word_1_1' title='bbox 719 1222 1162 1263; x_wconf 80' lang='lat' dir='ltr'><strong>PRAEFATIO.</strong></span> 
     </span>
    </p>
   </div>
   <div class='ocr_carea' id='block_1_2' title="bbox 323 1454 1555 2606">
    <p class='ocr_par' dir='ltr' id='par_1_2' title="bbox 323 1454 1555 2606">
     <span class='ocr_line' id='line_1_2' title="bbox 377 1454 1555 1499; baseline -0.005 -8"><span class='ocrx_word' id='word_1_2' title='bbox 377 1461 481 1490; x_wconf 84' lang='lat' dir='ltr'><strong>Titum</strong></span> <span class='ocrx_word' id='word_1_3' title='bbox 508 1460 632 1490; x_wconf 87' lang='lat' dir='ltr'><strong>Livium</strong></span> <span class='ocrx_word' id='word_1_4' title='bbox 658 1461 820 1499; x_wconf 88' lang='lat' dir='ltr'><strong>imperator</strong></span> <span class='ocrx_word' id='word_1_5' title='bbox 841 1458 983 1499; x_wconf 79' lang='lat' dir='ltr'><strong>Caligula</strong></span> <span class='ocrx_word' id='word_1_6' title='bbox 1004 1458 1138 1497; x_wconf 88' lang='lat' dir='ltr'><strong>(Sueton.</strong></span> <span class='ocrx_word' id='word_1_7' title='bbox 1158 1457 1255 1497; x_wconf 84' lang='lat' dir='ltr'><strong>Calig.</strong></span> <span class='ocrx_word' id='word_1_8' title='bbox 1277 1466 1301 1486; x_wconf 85' lang='lat' dir='ltr'><strong>e.</strong></span> <span class='ocrx_word' id='word_1_9' title='bbox 1322 1457 1375 1495; x_wconf 84' lang='lat'><strong>34)</strong></span> <span class='ocrx_word' id='word_1_10' title='bbox 1398 1458 1433 1486; x_wconf 87' lang='lat' dir='ltr'><strong>ut</strong></span> <span class='ocrx_word' id='word_1_11' title='bbox 1452 1454 1555 1487; x_wconf 87' lang='lat' dir='ltr'><strong>verbo·</strong></span> 
     </span>
     <span class='ocr_line' id='line_1_3' title="bbox 328 1519 1552 1565; baseline -0.005 -10"><span class='ocrx_word' id='word_1_12' title='bbox 328 1534 396 1555; x_wconf 86' lang='lat' dir='ltr'><strong>sum</strong></span> <span class='ocrx_word' id='word_1_13' title='bbox 428 1527 458 1555; x_wconf 84' lang='lat' dir='ltr'><strong>et</strong></span> <span class='ocrx_word' id='word_1_14' title='bbox 485 1526 518 1555; x_wconf 94' lang='lat' dir='ltr'><strong>in</strong></span> <span class='ocrx_word' id='word_1_15' title='bbox 550 1524 680 1555; x_wconf 86' lang='lat' dir='ltr'><strong>historia</strong></span> <span class='ocrx_word' id='word_1_16' title='bbox 706 1524 912 1565; x_wconf 81' lang='lat' dir='ltr'><strong>negligentem</strong></span> <span class='ocrx_word' id='word_1_17' title='bbox 931 1523 1085 1563; x_wconf 81' lang='lat' dir='ltr'><strong>carpebat:</strong></span> <span class='ocrx_word' id='word_1_18' title='bbox 1106 1523 1161 1553; x_wconf 87' lang='lat' dir='ltr'><strong>hoc</strong></span> <span class='ocrx_word' id='word_1_19' title='bbox 1182 1522 1307 1552; x_wconf 77' lang='lat' dir='ltr'><strong>fortasse</strong></span> <span class='ocrx_word' id='word_1_20' title='bbox 1327 1530 1451 1558; x_wconf 83' lang='lat' dir='ltr'><strong>verum,</strong></span> <span class='ocrx_word' id='word_1_21' title='bbox 1472 1519 1552 1550; x_wconf 90' lang='lat' dir='ltr'><strong>illud</strong></span> 
     </span>
     <span class='ocr_line' id='line_1_4' title="bbox 327 1586 1553 1629; baseline -0.002 -11"><span class='ocrx_word' id='word_1_22' title='bbox 327 1589 436 1619; x_wconf 91' lang='lat' dir='ltr'><strong>nollem</strong></span> <span class='ocrx_word' id='word_1_23' title='bbox 458 1589 573 1620; x_wconf 86' lang='lat' dir='ltr'><strong>dictum</strong></span> <span class='ocrx_word' id='word_1_24' title='bbox 595 1589 631 1619; x_wconf 92' lang='lat' dir='ltr'><strong>de</strong></span> <span class='ocrx_word' id='word_1_25' title='bbox 651 1590 798 1628; x_wconf 74' lang='lat' dir='ltr'><strong>scriptore</strong></span> <span class='ocrx_word' id='word_1_26' title='bbox 816 1590 903 1629; x_wconf 85' lang='lat' dir='ltr'><strong>gravi</strong></span> <span class='ocrx_word' id='word_1_27' title='bbox 923 1590 954 1619; x_wconf 88' lang='lat' dir='ltr'><strong>et</strong></span> <span class='ocrx_word' id='word_1_28' title='bbox 973 1589 1105 1629; x_wconf 77' lang='lat' dir='ltr'><strong>eleganti</strong></span> <span class='ocrx_word' id='word_1_29' title='bbox 1115 1589 1147 1618; x_wconf 92' lang='lat' dir='ltr'><strong>in</strong></span> <span class='ocrx_word' id='word_1_30' title='bbox 1158 1586 1315 1618; x_wconf 86' lang='lat' dir='ltr'><strong>scribenda</strong></span> <span class='ocrx_word' id='word_1_31' title='bbox 1325 1586 1455 1617; x_wconf 83' lang='lat' dir='ltr'><strong>historia</strong></span> <span class='ocrx_word' id='word_1_32' title='bbox 1463 1595 1553 1625; x_wconf 84' lang='lat' dir='ltr'><strong>quam</strong></span> 
     </span>
     <span class='ocr_line' id='line_1_5' title="bbox 329 1651 1555 1695; baseline -0.003 -10"><span class='ocrx_word' id='word_1_33' title='bbox 329 1656 451 1694; x_wconf 85' lang='lat' dir='ltr'><strong>saepius</strong></span> <span class='ocrx_word' id='word_1_34' title='bbox 483 1656 608 1695; x_wconf 84' lang='lat' dir='ltr'><strong>pingere</strong></span> <span class='ocrx_word' id='word_1_35' title='bbox 638 1664 696 1685; x_wconf 90' lang='lat' dir='ltr'><strong>non</strong></span> <span class='ocrx_word' id='word_1_36' title='bbox 722 1654 889 1686; x_wconf 86' lang='lat' dir='ltr'><strong>describere</strong></span> <span class='ocrx_word' id='word_1_37' title='bbox 916 1653 1003 1685; x_wconf 88' lang='lat' dir='ltr'><strong>nobis</strong></span> <span class='ocrx_word' id='word_1_38' title='bbox 1029 1653 1168 1691; x_wconf 82' lang='lat' dir='ltr'><strong>videtur,</strong></span> <span class='ocrx_word' id='word_1_39' title='bbox 1195 1652 1276 1692; x_wconf 90' lang='lat' dir='ltr'><strong>apud</strong></span> <span class='ocrx_word' id='word_1_40' title='bbox 1306 1662 1395 1692; x_wconf 88' lang='lat' dir='ltr'><strong>quem</strong></span> <span class='ocrx_word' id='word_1_41' title='bbox 1414 1651 1555 1692; x_wconf 80' lang='lat' dir='ltr'><strong>egregiae</strong></span> 
     </span>
     <span class='ocr_line' id='line_1_6' title="bbox 328 1718 1553 1759; baseline -0.002 -11"><span class='ocrx_word' id='word_1_42' title='bbox 328 1720 479 1749; x_wconf 83' lang='lat' dir='ltr'><strong>orationes</strong></span> <span class='ocrx_word' id='word_1_43' title='bbox 511 1720 710 1750; x_wconf 80' lang='lat' dir='ltr'><strong>inveniuntur</strong></span> <span class='ocrx_word' id='word_1_44' title='bbox 729 1721 762 1749; x_wconf 92' lang='lat' dir='ltr'><strong>in</strong></span> <span class='ocrx_word' id='word_1_45' title='bbox 782 1719 896 1759; x_wconf 77' lang='lat' dir='ltr'><strong>quibus</strong></span> <span class='ocrx_word' id='word_1_46' title='bbox 916 1718 1032 1749; x_wconf 81' lang='lat' dir='ltr'><strong>indoles</strong></span> <span class='ocrx_word' id='word_1_47' title='bbox 1053 1720 1083 1748; x_wconf 88' lang='lat' dir='ltr'><strong>et</strong></span> <span class='ocrx_word' id='word_1_48' title='bbox 1102 1718 1259 1758; x_wconf 87' lang='lat' dir='ltr'><strong>ingenium</strong></span> <span class='ocrx_word' id='word_1_49' title='bbox 1278 1718 1413 1748; x_wconf 82' lang='lat' dir='ltr'><strong>virorum</strong></span> <span class='ocrx_word' id='word_1_50' title='bbox 1432 1718 1463 1746; x_wconf 89' lang='lat' dir='ltr'><strong>et</strong></span> <span class='ocrx_word' id='word_1_51' title='bbox 1481 1718 1553 1746; x_wconf 87' lang='lat' dir='ltr'><strong>tem-</strong></span> 
     </span>
     <span class='ocr_line' id='line_1_7' title="bbox 326 1782 1554 1824; baseline -0.002 -10"><span class='ocrx_word' id='word_1_52' title='bbox 326 1792 434 1823; x_wconf 90' lang='lat' dir='ltr'><strong>porum</strong></span> <span class='ocrx_word' id='word_1_53' title='bbox 456 1784 586 1814; x_wconf 80' lang='lat' dir='ltr'><strong>rationes</strong></span> <span class='ocrx_word' id='word_1_54' title='bbox 607 1793 675 1815; x_wconf 87' lang='lat' dir='ltr'><strong>vere</strong></span> <span class='ocrx_word' id='word_1_55' title='bbox 695 1784 878 1815; x_wconf 86' lang='lat' dir='ltr'><strong>referuntur.</strong></span> <span class='ocrx_word' id='word_1_56' title='bbox 899 1800 940 1807; x_wconf 86' lang='lat'><em>—</em></span> <span class='ocrx_word' id='word_1_57' title='bbox 960 1784 1101 1824; x_wconf 83' lang='lat' dir='ltr'><strong>Dionysii</strong></span> <span class='ocrx_word' id='word_1_58' title='bbox 1119 1782 1394 1815; x_wconf 80' lang='lat' dir='ltr'><strong>Halicarnassensis</strong></span> <span class='ocrx_word' id='word_1_59' title='bbox 1411 1782 1554 1822; x_wconf 84' lang='lat' dir='ltr'><strong>Antiqui-</strong></span> 
     </span>
     <span class='ocr_line' id='line_1_8' title="bbox 327 1848 1552 1888; baseline -0.001 -10"><span class='ocrx_word' id='word_1_60' title='bbox 327 1851 409 1879; x_wconf 80' lang='lat' dir='ltr'><strong>tates</strong></span> <span class='ocrx_word' id='word_1_61' title='bbox 435 1849 583 1879; x_wconf 85' lang='lat' dir='ltr'><strong>Romanas</strong></span> <span class='ocrx_word' id='word_1_62' title='bbox 604 1849 721 1888; x_wconf 84' lang='lat' dir='ltr'><strong>legenti</strong></span> <span class='ocrx_word' id='word_1_63' title='bbox 739 1849 818 1880; x_wconf 87' lang='lat' dir='ltr'><strong>mihi</strong></span> <span class='ocrx_word' id='word_1_64' title='bbox 837 1852 868 1879; x_wconf 89' lang='lat' dir='ltr'><strong>et</strong></span> <span class='ocrx_word' id='word_1_65' title='bbox 887 1850 999 1879; x_wconf 85' lang='lat' dir='ltr'><strong>iterum</strong></span> <span class='ocrx_word' id='word_1_66' title='bbox 1018 1849 1133 1888; x_wconf 87' lang='lat' dir='ltr'><strong>legenti</strong></span> <span class='ocrx_word' id='word_1_67' title='bbox 1153 1858 1239 1886; x_wconf 81' lang='lat' dir='ltr'><strong>saepe</strong></span> <span class='ocrx_word' id='word_1_68' title='bbox 1258 1848 1352 1886; x_wconf 82' lang='lat' dir='ltr'><strong>hujus</strong></span> <span class='ocrx_word' id='word_1_69' title='bbox 1361 1848 1552 1886; x_wconf 77' lang='lat' dir='ltr'><strong>imperatoris</strong></span> 
     </span>
     <span class='ocr_line' id='line_1_9' title="bbox 329 1911 1552 1953; baseline -0.001 -11"><span class='ocrx_word' id='word_1_70' title='bbox 329 1912 455 1943; x_wconf 82' lang='lat' dir='ltr'><strong>Romani</strong></span> <span class='ocrx_word' id='word_1_71' title='bbox 482 1912 558 1943; x_wconf 81' lang='lat' dir='ltr'><strong>dieti</strong></span> <span class='ocrx_word' id='word_1_72' title='bbox 585 1913 618 1943; x_wconf 88' lang='lat' dir='ltr'><strong>in</strong></span> <span class='ocrx_word' id='word_1_73' title='bbox 645 1914 774 1943; x_wconf 84' lang='lat' dir='ltr'><strong>mentem</strong></span> <span class='ocrx_word' id='word_1_74' title='bbox 793 1912 949 1951; x_wconf 86' lang='lat' dir='ltr'><strong>veniebat,</strong></span> <span class='ocrx_word' id='word_1_75' title='bbox 969 1912 1025 1953; x_wconf 85' lang='lat' dir='ltr'><strong>qui</strong></span> <span class='ocrx_word' id='word_1_76' title='bbox 1044 1912 1077 1943; x_wconf 82' lang='lat' dir='ltr'><strong>in</strong></span> <span class='ocrx_word' id='word_1_77' title='bbox 1096 1911 1281 1943; x_wconf 72' lang='lat' dir='ltr'><strong>orationibus</strong></span> <span class='ocrx_word' id='word_1_78' title='bbox 1301 1920 1388 1951; x_wconf 87' lang='lat' dir='ltr'><strong>saepe</strong></span> <span class='ocrx_word' id='word_1_79' title='bbox 1407 1912 1469 1942; x_wconf 83' lang='lat' dir='ltr'><strong>tam</strong></span> <span class='ocrx_word' id='word_1_80' title='bbox 1487 1920 1552 1942; x_wconf 86' lang='lat' dir='ltr'><strong>ver-</strong></span> 
     </span>
     <span class='ocr_line' id='line_1_10' title="bbox 328 1977 1550 2016; baseline -0.001 -9"><span class='ocrx_word' id='word_1_81' title='bbox 328 1977 421 2007; x_wconf 81' lang='lat' dir='ltr'><strong>bosus</strong></span> <span class='ocrx_word' id='word_1_82' title='bbox 455 1980 490 2007; x_wconf 89' lang='lat' dir='ltr'><strong>ut</strong></span> <span class='ocrx_word' id='word_1_83' title='bbox 521 1978 680 2008; x_wconf 77' lang='lat' dir='ltr'><strong>fastidium</strong></span> <span class='ocrx_word' id='word_1_84' title='bbox 711 1981 847 2016; x_wconf 84' lang='lat' dir='ltr'><strong>moveat,</strong></span> <span class='ocrx_word' id='word_1_85' title='bbox 875 1980 1026 2009; x_wconf 76' lang='lat' dir='ltr'><strong>caeterum</strong></span> <span class='ocrx_word' id='word_1_86' title='bbox 1045 1980 1078 2009; x_wconf 87' lang='lat' dir='ltr'><strong>in</strong></span> <span class='ocrx_word' id='word_1_87' title='bbox 1098 1979 1226 2008; x_wconf 82' lang='lat' dir='ltr'><strong>historia</strong></span> <span class='ocrx_word' id='word_1_88' title='bbox 1245 1979 1321 2007; x_wconf 85' lang='lat' dir='ltr'><strong>satis</strong></span> <span class='ocrx_word' id='word_1_89' title='bbox 1340 1979 1389 2006; x_wconf 86' lang='lat' dir='ltr'><strong>est</strong></span> <span class='ocrx_word' id='word_1_90' title='bbox 1407 1977 1550 2016; x_wconf 86' lang='lat' dir='ltr'><strong>diligens.</strong></span> 
     </span>
     <span class='ocr_line' id='line_1_11' title="bbox 326 2040 1552 2081; baseline -0.001 -10"><span class='ocrx_word' id='word_1_91' title='bbox 326 2040 430 2075; x_wconf 77' lang='lat' dir='ltr'><strong>Quum</strong></span> <span class='ocrx_word' id='word_1_92' title='bbox 461 2042 542 2072; x_wconf 88' lang='lat' dir='ltr'><strong>enim</strong></span> <span class='ocrx_word' id='word_1_93' title='bbox 574 2042 724 2081; x_wconf 83' lang='lat' dir='ltr'><strong>specimen</strong></span> <span class='ocrx_word' id='word_1_94' title='bbox 755 2041 927 2073; x_wconf 88' lang='lat' dir='ltr'><strong>studiorum</strong></span> <span class='ocrx_word' id='word_1_95' title='bbox 954 2050 1090 2073; x_wconf 89' lang='lat' dir='ltr'><strong>meorum</strong></span> <span class='ocrx_word' id='word_1_96' title='bbox 1108 2040 1194 2072; x_wconf 87' lang='lat' dir='ltr'><strong>edere</strong></span> <span class='ocrx_word' id='word_1_97' title='bbox 1212 2041 1320 2072; x_wconf 88' lang='lat' dir='ltr'><strong>vellem</strong></span> <span class='ocrx_word' id='word_1_98' title='bbox 1332 2063 1340 2079; x_wconf 86' lang='lat'>,</span> <span class='ocrx_word' id='word_1_99' title='bbox 1360 2040 1440 2071; x_wconf 88' lang='lat' dir='ltr'><strong>hunc</strong></span> <span class='ocrx_word' id='word_1_100' title='bbox 1459 2040 1552 2079; x_wconf 82' lang='lat' dir='ltr'><strong>scrip-</strong></span> 
     </span>
     <span class='ocr_line' id='line_1_12' title="bbox 325 2105 1552 2146; baseline 0 -11"><span class='ocrx_word' id='word_1_101' title='bbox 325 2107 420 2135; x_wconf 83' lang='lat' dir='ltr'><strong>torem</strong></span> <span class='ocrx_word' id='word_1_102' title='bbox 453 2106 534 2146; x_wconf 85' lang='lat' dir='ltr'><strong>elegi</strong></span> <span class='ocrx_word' id='word_1_103' title='bbox 564 2107 616 2137; x_wconf 84' lang='lat' dir='ltr'><strong>cui</strong></span> <span class='ocrx_word' id='word_1_104' title='bbox 646 2115 765 2145; x_wconf 82' lang='lat' dir='ltr'><strong>operam</strong></span> <span class='ocrx_word' id='word_1_105' title='bbox 796 2116 951 2145; x_wconf 80' lang='lat' dir='ltr'><strong>navarem;</strong></span> <span class='ocrx_word' id='word_1_106' title='bbox 983 2106 1128 2146; x_wconf 83' lang='lat' dir='ltr'><strong>quasdam</strong></span> <span class='ocrx_word' id='word_1_107' title='bbox 1152 2107 1254 2145; x_wconf 85' lang='lat' dir='ltr'><strong>igitur</strong></span> <span class='ocrx_word' id='word_1_108' title='bbox 1281 2105 1502 2136; x_wconf 77' lang='lat' dir='ltr'><strong>emendationes</strong></span> <span class='ocrx_word' id='word_1_109' title='bbox 1521 2107 1552 2135; x_wconf 86' lang='lat' dir='ltr'><strong>et</strong></span> 
     </span>
     <span class='ocr_line' id='line_1_13' title="bbox 324 2169 1551 2210; baseline 0.002 -12"><span class='ocrx_word' id='word_1_110' title='bbox 324 2169 546 2200; x_wconf 83' lang='lat' dir='ltr'><strong>observationes</strong></span> <span class='ocrx_word' id='word_1_111' title='bbox 578 2169 695 2209; x_wconf 72' lang='lat' dir='ltr'><strong>publici</strong></span> <span class='ocrx_word' id='word_1_112' title='bbox 714 2170 793 2210; x_wconf 82' lang='lat' dir='ltr'><strong>iuris</strong></span> <span class='ocrx_word' id='word_1_113' title='bbox 812 2171 870 2201; x_wconf 78' lang='lat' dir='ltr'><strong>feci</strong></span> <span class='ocrx_word' id='word_1_114' title='bbox 890 2172 927 2201; x_wconf 90' lang='lat' dir='ltr'><strong>ut</strong></span> <span class='ocrx_word' id='word_1_115' title='bbox 946 2171 996 2201; x_wconf 87' lang='lat' dir='ltr'><strong>lex</strong></span> <span class='ocrx_word' id='word_1_116' title='bbox 1015 2180 1062 2201; x_wconf 88' lang='lat' dir='ltr'><strong>me</strong></span> <span class='ocrx_word' id='word_1_117' title='bbox 1079 2170 1179 2210; x_wconf 88' lang='lat' dir='ltr'><strong>jubet.</strong></span> <span class='ocrx_word' id='word_1_118' title='bbox 1197 2170 1380 2210; x_wconf 84' lang='lat' dir='ltr'><strong>Dionysium</strong></span> <span class='ocrx_word' id='word_1_119' title='bbox 1399 2179 1457 2200; x_wconf 89' lang='lat' dir='ltr'><strong>non</strong></span> <span class='ocrx_word' id='word_1_120' title='bbox 1477 2171 1551 2200; x_wconf 86' lang='lat' dir='ltr'><strong>inte-</strong></span> 
     </span>
     <span class='ocr_line' id='line_1_14' title="bbox 330 2234 1552 2276; baseline 0.002 -12"><span class='ocrx_word' id='word_1_121' title='bbox 330 2244 421 2274; x_wconf 85' lang='lat' dir='ltr'><strong>grum</strong></span> <span class='ocrx_word' id='word_1_122' title='bbox 441 2234 479 2264; x_wconf 86' lang='lat' dir='ltr'><strong>ad</strong></span> <span class='ocrx_word' id='word_1_123' title='bbox 500 2244 554 2266; x_wconf 86' lang='lat' dir='ltr'><strong>nos</strong></span> <span class='ocrx_word' id='word_1_124' title='bbox 575 2236 747 2274; x_wconf 86' lang='lat' dir='ltr'><strong>pervenisse</strong></span> <span class='ocrx_word' id='word_1_125' title='bbox 765 2235 929 2266; x_wconf 89' lang='lat' dir='ltr'><strong>lectionum</strong></span> <span class='ocrx_word' id='word_1_126' title='bbox 946 2236 1077 2267; x_wconf 87' lang='lat' dir='ltr'><strong>varietas</strong></span> <span class='ocrx_word' id='word_1_127' title='bbox 1094 2236 1126 2267; x_wconf 88' lang='lat' dir='ltr'><strong>in</strong></span> <span class='ocrx_word' id='word_1_128' title='bbox 1143 2236 1226 2267; x_wconf 88' lang='lat' dir='ltr'><strong>codd.</strong></span> <span class='ocrx_word' id='word_1_129' title='bbox 1239 2237 1285 2272; x_wconf 88' lang='lat' dir='ltr'><strong>(in</strong></span> <span class='ocrx_word' id='word_1_130' title='bbox 1295 2236 1409 2276; x_wconf 69' lang='lat' dir='ltr'><strong>quibus</strong></span> <span class='ocrx_word' id='word_1_131' title='bbox 1418 2238 1552 2276; x_wconf 79' lang='lat' dir='ltr'><strong>praestat</strong></span> 
     </span>
     <span class='ocr_line' id='line_1_15' title="bbox 332 2299 1552 2341; baseline 0.004 -12"><span class='ocrx_word' id='word_1_132' title='bbox 332 2299 479 2339; x_wconf 87' lang='lat' dir='ltr'><strong>Urbinas)</strong></span> <span class='ocrx_word' id='word_1_133' title='bbox 507 2299 679 2331; x_wconf 78' lang='lat' dir='ltr'><strong>luculenter</strong></span> <span class='ocrx_word' id='word_1_134' title='bbox 705 2300 900 2332; x_wconf 87' lang='lat' dir='ltr'><strong>demonstrat.</strong></span> <span class='ocrx_word' id='word_1_135' title='bbox 926 2301 985 2332; x_wconf 86' lang='lat' dir='ltr'><strong>Sed</strong></span> <span class='ocrx_word' id='word_1_136' title='bbox 1005 2302 1174 2341; x_wconf 82' lang='lat' dir='ltr'><strong>complures</strong></span> <span class='ocrx_word' id='word_1_137' title='bbox 1194 2302 1255 2333; x_wconf 87' lang='lat' dir='ltr'><strong>iam</strong></span> <span class='ocrx_word' id='word_1_138' title='bbox 1274 2303 1336 2333; x_wconf 85' lang='lat' dir='ltr'><strong>viri</strong></span> <span class='ocrx_word' id='word_1_139' title='bbox 1354 2302 1436 2333; x_wconf 77' lang='lat' dir='ltr'><strong>docti</strong></span> <span class='ocrx_word' id='word_1_140' title='bbox 1454 2303 1552 2334; x_wconf 81' lang='lat' dir='ltr'><strong>multa</strong></span> 
     </span>
     <span class='ocr_line' id='line_1_16' title="bbox 323 2347 1552 2406; baseline 0.003 -11"><span class='ocrx_word' id='word_1_141' title='bbox 323 2374 400 2404; x_wconf 87' lang='lat' dir='ltr'><strong>quae</strong></span> <span class='ocrx_word' id='word_1_142' title='bbox 429 2374 447 2395; x_wconf 89' lang='lat' dir='ltr'><strong>a</strong></span> <span class='ocrx_word' id='word_1_143' title='bbox 472 2364 609 2396; x_wconf 83' lang='lat' dir='ltr'><strong>librariis</strong></span> <span class='ocrx_word' id='word_1_144' title='bbox 630 2366 808 2405; x_wconf 78' lang='lat' dir='ltr'><strong>turpissime</strong></span> <span class='ocrx_word' id='word_1_145' title='bbox 829 2368 971 2406; x_wconf 83' lang='lat' dir='ltr'><strong>corrupta</strong></span> <span class='ocrx_word' id='word_1_146' title='bbox 989 2347 1152 2398; x_wconf 60' lang='lat' dir='ltr'><strong>erant&#39;ita</strong></span> <span class='ocrx_word' id='word_1_147' title='bbox 1172 2367 1368 2399; x_wconf 87' lang='lat' dir='ltr'><strong>emendarunt</strong></span> <span class='ocrx_word' id='word_1_148' title='bbox 1389 2370 1423 2399; x_wconf 91' lang='lat' dir='ltr'><strong>ut</strong></span> <span class='ocrx_word' id='word_1_149' title='bbox 1431 2369 1552 2400; x_wconf 87' lang='lat' dir='ltr'><strong>nullum</strong></span> 
     </span>
     <span class='ocr_line' id='line_1_17' title="bbox 326 2430 1555 2473; baseline 0.005 -13"><span class='ocrx_word' id='word_1_150' title='bbox 326 2431 368 2460; x_wconf 86' lang='lat' dir='ltr'><strong>sit</strong></span> <span class='ocrx_word' id='word_1_151' title='bbox 393 2430 521 2461; x_wconf 89' lang='lat' dir='ltr'><strong>dubium</strong></span> <span class='ocrx_word' id='word_1_152' title='bbox 541 2432 616 2470; x_wconf 90' lang='lat' dir='ltr'><strong>quin</strong></span> <span class='ocrx_word' id='word_1_153' title='bbox 637 2433 741 2462; x_wconf 78' lang='lat' dir='ltr'><strong>auctor</strong></span> <span class='ocrx_word' id='word_1_154' title='bbox 761 2432 817 2463; x_wconf 87' lang='lat' dir='ltr'><strong>hoc</strong></span> <span class='ocrx_word' id='word_1_155' title='bbox 837 2433 940 2472; x_wconf 87' lang='lat' dir='ltr'><strong>ipsum</strong></span> <span class='ocrx_word' id='word_1_156' title='bbox 959 2433 1136 2473; x_wconf 80' lang='lat' dir='ltr'><strong>scripserit,</strong></span> <span class='ocrx_word' id='word_1_157' title='bbox 1150 2433 1232 2473; x_wconf 88' lang='lat' dir='ltr'><strong>quod</strong></span> <span class='ocrx_word' id='word_1_158' title='bbox 1241 2435 1419 2473; x_wconf 81' lang='lat' dir='ltr'><strong>praesertim</strong></span> <span class='ocrx_word' id='word_1_159' title='bbox 1429 2435 1509 2466; x_wconf 82' lang='lat' dir='ltr'><strong>valet</strong></span> <span class='ocrx_word' id='word_1_160' title='bbox 1519 2435 1555 2465; x_wconf 86' lang='lat' dir='ltr'><strong>de</strong></span> 
     </span>
     <span class='ocr_line' id='line_1_18' title="bbox 326 2495 1553 2538; baseline 0.004 -13"><span class='ocrx_word' id='word_1_161' title='bbox 326 2496 366 2526; x_wconf 89' lang='lat' dir='ltr'><strong>iis</strong></span> <span class='ocrx_word' id='word_1_162' title='bbox 386 2495 644 2527; x_wconf 86' lang='lat' dir='ltr'><strong>emendationibus</strong></span> <span class='ocrx_word' id='word_1_163' title='bbox 662 2506 740 2536; x_wconf 79' lang='lat' dir='ltr'><strong>quae</strong></span> <span class='ocrx_word' id='word_1_164' title='bbox 758 2506 776 2527; x_wconf 82' lang='lat' dir='ltr'><strong>a</strong></span> <span class='ocrx_word' id='word_1_165' title='bbox 794 2498 922 2538; x_wconf 82' lang='lat' dir='ltr'><strong>vulgata</strong></span> <span class='ocrx_word' id='word_1_166' title='bbox 931 2497 1058 2529; x_wconf 88' lang='lat' dir='ltr'><strong>lectione</strong></span> <span class='ocrx_word' id='word_1_167' title='bbox 1068 2499 1169 2530; x_wconf 77' lang='lat' dir='ltr'><strong>literis</strong></span> <span class='ocrx_word' id='word_1_168' title='bbox 1178 2508 1286 2538; x_wconf 79' lang='lat' dir='ltr'><strong>parum</strong></span> <span class='ocrx_word' id='word_1_169' title='bbox 1295 2499 1553 2532; x_wconf 59' lang='lat' dir='ltr'><strong>differunhlnter·</strong></span> 
     </span>
     <span class='ocr_line' id='line_1_19' title="bbox 327 2559 1552 2606; baseline 0.006 -17"><span class='ocrx_word' id='word_1_170' title='bbox 327 2559 399 2590; x_wconf 84' lang='lat' dir='ltr'><strong>dum</strong></span> <span class='ocrx_word' id='word_1_171' title='bbox 433 2569 527 2590; x_wconf 83' lang='lat' dir='ltr'><strong>unum</strong></span> <span class='ocrx_word' id='word_1_172' title='bbox 557 2560 606 2591; x_wconf 87' lang='lat' dir='ltr'><strong>vel</strong></span> <span class='ocrx_word' id='word_1_173' title='bbox 635 2561 726 2600; x_wconf 86' lang='lat' dir='ltr'><strong>plura</strong></span> <span class='ocrx_word' id='word_1_174' title='bbox 756 2561 847 2592; x_wconf 86' lang='lat' dir='ltr'><strong>verba</strong></span> <span class='ocrx_word' id='word_1_175' title='bbox 874 2561 1022 2593; x_wconf 83' lang='lat' dir='ltr'><strong>excidisse</strong></span> <span class='ocrx_word' id='word_1_176' title='bbox 1052 2565 1105 2594; x_wconf 85' lang='lat' dir='ltr'><strong>aut</strong></span> <span class='ocrx_word' id='word_1_177' title='bbox 1132 2563 1279 2595; x_wconf 84' lang='lat' dir='ltr'><strong>emblema</strong></span> <span class='ocrx_word' id='word_1_178' title='bbox 1309 2574 1345 2595; x_wconf 86' lang='lat' dir='ltr'><strong>ex</strong></span> <span class='ocrx_word' id='word_1_179' title='bbox 1364 2567 1500 2606; x_wconf 78' lang='lat' dir='ltr'><strong>margine</strong></span> <span class='ocrx_word' id='word_1_180' title='bbox 1520 2566 1552 2596; x_wconf 91' lang='lat' dir='ltr'><strong>in</strong></span> 
     </span>
    </p>
   </div>
  </div>
 </body>
</html>
