1924 3118
952 327 1004 366 42

371 460 523 500 cedenti
567 459 671 500 ὅπλα
715 465 1034 505 accommodaret.
1081 465 1157 505 Sed
1200 466 1291 505 huie
1333 466 1580 516 conjecturae

375 556 507 591 tamen
535 553 619 604 ipse
648 568 726 593 non
755 568 912 607 prorsus
940 557 1143 595 assentior.

431 644 480 682 In
508 645 642 684 eodem
673 647 800 698 eapite
828 647 925 686 haee
947 661 971 686 a
994 648 1163 687 librariis
1177 651 1360 699 corrupta
1374 648 1579 698 leguntur:

376 733 416 771 οἱ)
460 733 536 782 γὰρ
576 734 752 774 fixo-av
794 736 931 782 αὐτοὺς
973 737 1003 776 οἱ
1041 736 1251 783 διώκοντες,
1283 738 1376 776 ἀλλ’
1404 736 1443 776 ἐκ
1473 737 1580 781 ποδὸς

376 824 636 870 ἠκολούθησαν
665 829 728 864 καὶ
759 827 799 865 οὐ
828 825 997 875 πρότερον
1026 828 1310 876 ἀπετράποντο,
1342 828 1362 872 ἢ
1394 832 1461 876 τὴν
1486 841 1580 874 παρ-

375 907 546 964 εμβολὴν
574 918 700 956 αὐτῶν
729 918 828 957 ἑλεῖν
857 918 961 958 κατὰ
990 919 1137 968 κράτος.
1166 919 1255 960 Non
1285 920 1461 972 intelligo
1488 918 1582 971 quid

379 1008 428 1045 sit
469 1008 535 1046 οὐκ
575 1008 708 1047 ciazo-xv
746 1009 882 1052 αὐτοὺς
913 1034 963 1038 -
996 1009 1197 1056 διώκοντες.
1230 1010 1403 1064 Sylburg
1429 1009 1583 1049 videtur

379 1099 452 1136 sibi
480 1099 698 1150 intelligere
724 1101 781 1139 ita
801 1105 975 1140 vertens:
993 1114 1118 1152 neque
1133 1102 1303 1139 Romani
1320 1114 1384 1139 eos
1400 1102 1579 1152 persequi

379 1189 599 1240 desierunt5
643 1190 709 1229 sed
753 1190 826 1230 hoe
866 1194 924 1230 est
953 1191 1000 1230 de
1028 1204 1097 1230 suo
1125 1192 1273 1243 fingere
1300 1204 1378 1230 non
1407 1194 1581 1240 vertere,

380 1281 445 1318 οὐκ
487 1282 574 1328 fin,
617 1283 691 1321 nisi
734 1282 867 1334 fallor,
897 1283 1090 1335 significat
1118 1288 1272 1333 vetare,
1303 1282 1492 1334 impedire
1523 1283 1584 1333 (ut

382 1372 469 1411 Lib.
522 1373 643 1413 VIII.
694 1387 726 1413 c.
773 1376 836 1413 89.
879 1373 941 1412 καὶ
983 1374 1049 1412 οὐκ
1092 1373 1229 1411 ἐώντων
1269 1372 1467 1419 ὑπομένειν
1512 1372 1585 1417 τὰς

381 1463 599 1511 προσβολάς
626 1467 739 1515 eet.)‚
771 1466 874 1517 quod
900 1479 924 1504 a
955 1469 1087 1504 nostro
1116 1466 1199 1504 loeo
1217 1464 1496 1503 alienissimum
1511 1466 1581 1502 est.

382 1555 472 1594 Non
503 1560 635 1595 tamen
665 1556 732 1595 diu
759 1556 806 1596 de
823 1569 915 1597 vera
928 1556 1197 1596 emendatione
1212 1555 1390 1608 eligenda
1404 1554 1584 1594 dubitan-

382 1646 496 1697 dum,
527 1660 647 1699 quum
676 1649 761 1699 ipsa
790 1648 1006 1687 sententiae
1029 1648 1128 1686 ratio
1144 1648 1279 1699 (quam
1296 1646 1468 1698 Sylburg
1482 1649 1587 1684 reete

382 1739 598 1790 perspexit)
641 1752 710 1777 nos
747 1739 858 1790 quasi
895 1752 1013 1777 manu
1044 1738 1160 1777 ducat
1188 1737 1239 1776 ad
1265 1750 1352 1776 eam
1380 1738 1585 1775 lectionem

382 1841 483 1879 quae
510 1828 727 1867 necessario
754 1828 980 1880 requiritur.
1009 1828 1050 1867 Si
1075 1841 1197 1880 parva
1213 1828 1357 1879 exigua
1371 1828 1588 1867 mutatione

382 1917 447 1956 οὐκ
497 1917 630 1956 εἴασαν
682 1920 895 1958 mutaveris
946 1920 986 1957 in
1039 1918 1104 1957 οὐκ
1145 1918 1202 1955 οἷν
1221 1918 1234 1956 ί
1249 1931 1379 1956 εσοον
1424 1918 1599 1957 habebis*

382 2009 485 2061 quod
514 2011 648 2062 procul
677 2010 795 2049 dubio
823 2009 1139 2048 substituendum
1167 2013 1239 2048 est.
1272 2009 1361 2061 Ipse
1390 2012 1525 2047 auctor
1543 2010 1584 2048 in

382 2100 517 2140 eadem
545 2115 587 2140 re
614 2101 749 2141 eodem
777 2101 967 2141 vocabulo
995 2101 1119 2139 utitur
1147 2104 1185 2139 et
1214 2100 1300 2138 aliis
1328 2100 1421 2139 locis
1444 2104 1484 2139 et
1499 2100 1587 2140 Lib.

384 2193 434 2232 X.
473 2207 505 2232 c.
544 2194 611 2232 ubi
649 2194 840 2244 legimus:
882 2193 923 2231 οὐ
964 2191 1040 2239 γὰρ
1083 2190 1290 2229 (ἐνίεσαν
1332 2190 1365 2228 οἱ
1410 2192 1586 2236 Ῥωμαῖοι

383 2286 498 2334 μέχρι
527 2286 657 2329 νυκτὸς
685 2283 872 2327 διώκοντές
902 2298 944 2321 τε
974 2286 1039 2321 καὶ
1071 2282 1276 2328 κτείνοντες
1293 2281 1417 2335 (τοὺς)
1434 2281 1590 2321 ἁλισκο-

383 2375 515 2423 μένους
556 2377 603 2416 ef.
646 2377 765 2416 etiam
810 2375 898 2415 Lib.
942 2375 1015 2414 IV.
1059 2389 1091 2414 e.
1132 2356 1168 2414 9.
1209 2377 1275 2412 καὶ
1305 2372 1433 2412 οὐδένοι
1461 2372 1588 2423 χρόνον

384 2470 508 2514 ἀνήσω
537 2474 604 2517 τῆς
633 2467 812 2506 ἁπάντων
842 2467 1100 2516 προνοούμενος
1129 2466 1333 2513 ἰσηγορίας.

442 2562 529 2601 Lib.
573 2562 623 2601 Χ.
667 2575 699 2600 e.
748 2563 779 2599 1.
825 2560 855 2598 οἱ
898 2559 934 2598 δὲ
980 2560 1113 2597 πολλοὶ
1143 2555 1425 2604 ἐμπορευόμενοί
1452 2570 1494 2594 τε
1524 2558 1589 2593 καὶ
