1924 3118
948 398 971 436 3

367 532 470 582 (Lib.
502 533 535 572 I.
567 547 598 573 c.
629 535 710 585 94.)
740 538 1058 574 commemoraret
1088 535 1217 586 ipsum
1245 546 1378 585 regem
1393 533 1506 585 Atyn
1523 546 1565 572 se

365 622 556 662 addidisse
596 624 643 662 iis
681 625 747 676 qui
786 624 1007 671 insedibus
1035 625 1114 663 suis
1136 628 1339 664 manerent
1383 627 1423 664 et
1462 622 1562 677 Tyr-

368 714 534 754 rhenum
557 715 681 754 filium
705 729 818 754 suum
837 716 1068 768 praefecisse
1081 716 1157 755 illis
1171 716 1238 768 qui
1253 716 1566 768 commigrarent,

371 806 583 859 Dionysius
611 807 712 846 male
740 807 935 859 excerpsit
964 807 1109 847 faciens
1137 819 1227 847 eum
1255 807 1448 846 dicentem
1472 806 1568 845 alte-

369 912 453 936 ram
494 899 649 950 quidem
687 899 821 950 populi
848 902 999 950 partem
1027 898 1231 950 Tyrrheno
1246 929 1256 949 ,
1285 900 1450 938 alteram
1478 910 1571 936 vero

371 990 412 1028 in
439 989 566 1042 Lydia
592 993 813 1047 manentem
842 989 954 1041 Lydo
969 1019 979 1039 ‚
1007 990 1120 1028 alteri
1149 990 1252 1041 regis
1275 990 1355 1028 filio
1379 990 1472 1039 (non
1496 989 1572 1041 ipsi

373 1081 472 1132 regi)
500 1080 712 1119 obvenisse.

426 1173 513 1211 Lib.
544 1172 576 1210 I.
606 1185 638 1210 c.
663 1174 725 1210 30.
757 1170 886 1215 πόλεις
914 1170 951 1210 δὲ
979 1167 1138 1215 ἅστινας
1165 1168 1302 1218 ᾤκισαν
1325 1169 1357 1209 οἱ
1382 1174 1572 1218 Τυρρηνοὶ,

373 1261 436 1302 καὶ
496 1259 786 1308 πολιτευμάτων
837 1258 1009 1303 οὕστινας
1062 1260 1345 1305 κατεστήσαντο
1388 1262 1574 1307 κόσμους,

376 1352 532 1398 δύναμίν
562 1367 605 1391 τε
628 1351 766 1396 ὁπόσην
793 1351 834 1391 οἱ
861 1349 1153 1398 σύμπαντες
1181 1352 1247 1389 καὶ
1272 1348 1365 1399 ἔργα
1396 1348 1439 1389 εἴ
1465 1363 1577 1389 τινα

381 1443 532 1488 μνήμης
578 1441 671 1489 ἄξια
711 1442 956 1491 διεπράξαντο
994 1467 1045 1472 -
1089 1443 1126 1481 ἐν
1172 1442 1280 1492 ἑτέρῳ
1326 1440 1589 1487 δηλωθήσεται

380 1530 494 1582 λόγῳ.
533 1533 625 1573 Jam
652 1534 713 1572 vir
743 1533 843 1573 doct.
874 1533 926 1573 A.
957 1534 1011 1573 H.
1041 1533 1187 1573 Garrer
1201 1534 1240 1584 *)
1267 1537 1372 1572 recte
1402 1532 1582 1572 observa-

381 1623 438 1662 vit
481 1623 544 1662 hic
588 1622 720 1663 deesse
766 1623 930 1663 verbum
970 1624 1081 1676 cujus
1119 1624 1316 1676 objectum
1342 1627 1401 1663 est
1428 1621 1586 1670 δύναμιν

383 1713 519 1757 ὁπόσην
570 1718 609 1753 et
651 1727 740 1752 cum
781 1727 827 1753 eo
867 1717 960 1753 ante
1002 1715 1068 1752 καὶ
1108 1712 1203 1762 ἔργα
1246 1714 1375 1753 insero
1420 1713 1585 1753 verbum

383 1808 706 1844 EKTHCANTO
760 1804 863 1855 quod
917 1805 1024 1843 haud
1073 1806 1130 1844 ita
1177 1806 1348 1843 multum
1392 1804 1523 1843 differt
1561 1816 1586 1841 a

383 1898 778 1938 OICTMHANTEC.
803 1894 913 1934 Nihil
935 1897 1068 1934 tamen
1093 1898 1152 1934 est
1176 1894 1278 1946 quod
1297 1893 1329 1933 οἱ
1358 1892 1585 1941 σύμπαντες

384 1991 475 2026 ante
504 1986 710 2030 ἐκτήσαντο
741 1997 1037 2037 expungamus3
1064 1985 1210 2037 optime
1234 1971 1339 2023 enim
1353 1988 1486 2024 nostro
1500 1984 1586 2023 loco

384 2079 550 2119 dicitur:
589 2080 776 2128 quantam
804 2076 1018 2127 potentiam
1046 2077 1222 2114 universi
1251 2076 1293 2125 (i.
1321 2089 1354 2114 e.
1384 2074 1587 2114 duodecim

386 2169 563 2208 civitates
598 2167 908 2220 Tyrrhenorum)
937 2166 1159 2207 habuerint.
1188 2166 1298 2207 Conf.
1329 2165 1417 2206 Lib.
1448 2165 1523 2206 VI.
1553 2179 1586 2206 c.

390 2261 452 2298 75.
493 2258 601 2297 ἄλλα
644 2257 848 2305 Τυρρηνίαν
887 2254 1046 2295 ἅπασαν
1084 2257 1137 2302 εἷς
1173 2255 1315 2296 δώδεκα
1344 2256 1592 2305 νενεμημένην

391 2349 596 2397 ἡγεμονίας
638 2351 704 2388 καὶ
737 2354 861 2398 πολλῇ
893 2349 963 2396 μὲν
991 2354 1038 2399 τῇ
1068 2349 1171 2389 κατὰ
1199 2353 1272 2398 γῆν
1289 2381 1299 2399 ,
1328 2354 1452 2399 πολλῇ
1480 2348 1518 2388 δὲ
1546 2354 1594 2399 τῇ

432 2565 465 2605 ³⁶)
498 2566 535 2596 cf.
568 2566 605 2595 A.
637 2566 677 2596 H.
708 2566 828 2596 Gan-er.
850 2566 1081 2597 Observationes
1102 2566 1138 2597 ad
1158 2566 1248 2597 Dion.
1269 2566 1368 2597 Helie.
1390 2566 1599 2606 Antiquitates

391 2644 547 2675 Romanas.
569 2643 669 2684 Lugd.
690 2644 756 2674 Bat.
779 2645 866 2675 1877.
