1924 3118
944 334 989 372 71

414 470 585 518 Νέστορά
613 485 655 509 τε
685 471 839 518 Χρομίον
868 485 911 509 τε
939 470 1215 518 Περικλύμενόν
1245 474 1280 509 τ’
1310 472 1518 520 ἀγέρωχον.

415 561 501 600 Lib.
541 562 591 600 X.
630 576 662 601 o.
701 565 737 601 9.
773 565 862 607 ὅλης
897 561 935 600 δὲ
978 561 1380 609 κροιδοιινομένης
1423 561 1486 600 ἐπὶ
1517 566 1562 610 τῇ

361 626 557 703 προσδοκίᾳ
597 656 667 692 τῶν
708 653 827 692 δεινῶν
856 657 923 698 τῆς
955 649 1113 697 πόλεως.
1149 652 1327 692 Verbum
1355 652 1560 700 κραδαίνειν

362 747 419 783 est
442 745 647 796 antiquum
661 749 699 784 et
714 746 908 797 poeticum
922 745 1146 796 significans
1161 744 1328 793 vibrare,
1345 749 1558 793 concutere,

362 839 406 872 ut
434 836 599 886 legimus
628 836 739 873 Iliad.
770 836 890 873 XIII.
922 837 1013 873 504.

414 924 542 972 οιῖχμη
571 924 602 962 δ’
630 924 778 974 Αἶνείοςο
807 925 1069 973 κραδαινομένη
1099 923 1202 962 κριτοὶ
1233 923 1348 970 γαίης

414 1011 541 1061 ᾤχετ’.
1154 996 1157 999 ”

416 1104 503 1142 Lib.
552 1104 626 1143 XI.
668 1118 699 1143 ο.
731 1107 790 1143 10.
820 1105 858 1143 οὐ
890 1104 965 1153 γὰρ
996 1103 1111 1152 ἄτερ
1143 1104 1270 1148 αἰτίοις
1300 1106 1415 1142 ταῦθ’
1446 1101 1559 1148 οὕτως

361 1192 442 1242 ἔχει
472 1195 536 1245 (cf.
567 1195 654 1234 Lib.
687 1195 766 1234 ΠΙ.
796 1209 829 1234 o.
863 1197 942 1246 10).
971 1195 1121 1246 Nemo,
1150 1196 1306 1248 opinor,
1333 1195 1437 1248 apud
1453 1195 1559 1233 Atti·

362 1296 425 1322 cos
468 1285 675 1336 scriptores
717 1286 829 1323 facile
870 1283 960 1332 ἄτερ
1001 1286 1173 1324 inveniet
1216 1299 1285 1337 pro
1328 1288 1439 1334 ἄνευ,
1484 1298 1560 1335 quo

361 1376 549 1414 vocabulo
590 1389 667 1414 non
706 1377 781 1414 nisi
810 1376 950 1427 Epici,
980 1377 1113 1427 Lyrici
1141 1381 1180 1414 et
1210 1377 1366 1426 Tragici
1393 1380 1559 1414 utuntur

360 1471 399 1507 et
429 1468 590 1506 seriores
621 1468 689 1519 qui
719 1460 882 1520 antiqua
905 1468 1051 1508 imitari
1079 1468 1218 1508 solent.

411 1556 497 1595 Lib.
528 1556 603 1595 XI.
632 1570 663 1595 c.
698 1559 757 1596 14.
782 1559 1018 1605 μαρτύρομαι
1044 1557 1154 1601 ,θεοὺς
1169 1554 1309 1604 ὦνὶερόι
1325 1555 1388 1594 καὶ
1405 1555 1557 1602 βωμοὺς

360 1652 497 1691 κοιναῖς
538 1648 690 1692 θυσίαις
730 1650 1045 1695 γεραίρομεν.
1092 1649 1288 1686 Ultimum
1325 1649 1557 1686 vocabulum

357 1739 460 1790 apud
488 1743 621 1790 poetas
649 1741 802 1791 saepius
831 1741 1021 1790 occurrit,
1051 1741 1176 1779 rarius
1205 1712 1357 1779 veroin
1386 1721 1558 1779 oratione

358 1830 496 1868 soluta.

408 1920 611 1959 Permulta
654 1921 749 1959 talia
786 1920 892 1959 hisce
941 1920 1030 1959 addi
1060 1925 1222 1972 possunt
1250 1926 1293 1960 ut
1323 1922 1409 1960 Lib.
1440 1922 1491 1961 X.
1522 1935 1553 1961 c.

358 2013 418 2050 10.
460 2009 561 2056 θεῖος
603 2010 756 2059 χόλος
793 2016 832 2050 et
869 2011 1081 2059 ἀνθρωπίνη
1119 2011 1331 2058 νέμεσις.
1364 2012 1458 2064 Cap.
1491 2015 1553 2051 21.

355 2102 519 2149 οὶγχοῦ
555 2115 624 2153 pro
667 2100 801 2148 ἐγγύς.
833 2102 928 2154 Cap.
965 2104 1024 2141 16.
1070 2102 1339 2148 ἑκηβόλοις
1382 2105 1552 2151 χρῆσθαι

356 2197 535 2242 μα’χοιιςς
579 2193 798 2232 inauditum
840 2193 887 2232 de
926 2194 1011 2245 ipsa
1052 2206 1208 2245 pugna,
1239 2193 1420 2239 ἓκήβολος
1452 2194 1556 2232 enim

356 2285 461 2337 apud
504 2285 621 2324 Hom.
665 2284 712 2323 de
753 2284 963 2336 Apolline,
1001 2284 1105 2336 apud
1144 2288 1278 2336 poetas
1321 2285 1408 2324 Att.
1438 2299 1551 2337 prae—

356 2381 463 2415 terea
490 2377 537 2415 de
557 2378 681 2421 ‚armis
711 2376 805 2428 Cap.
836 2379 898 2415 24.
928 2374 1154 2413 κελεύειν
1184 2389 1272 2414 cum
1300 2376 1430 2416 dativo
1461 2391 1549 2416 con-

356 2471 560 2506 structum.
604 2467 698 2518 Cap.
743 2469 806 2506 25.
850 2466 901 2504 τὰ
945 2464 1108 2513 σώματα
1140 2444 1183 2504 ’ἐκ
1215 2468 1384 2507 θανάτου
1414 2467 1552 2516 ῥύσα-

357 2560 490 2597 σθαι.
534 2557 629 2610 Cap.
668 2559 731 2595 48.
769 2556 785 2595 ὂ
824 2556 1075 2605 χερνητης
1103 2554 1229 2604 ὄχλος.
1260 2557 1355 2610 Cap.
1386 2560 1448 2597 53.
1479 2558 1554 2597 κοὶ-
