1924 3118
939 384 985 421 51

418 520 559 559 Misere
601 525 691 558 sunt
734 524 916 571 corrupta
943 524 981 558 et
1010 533 1060 558 ex
1089 524 1200 571 parte
1226 533 1382 571 prorsus
1408 520 1561 571 perdita

365 615 404 649 et
432 611 671 650 conclamata
697 624 796 663 quae
822 612 1006 663 leguntur
1033 612 1074 649 in
1102 611 1178 650 fine
1207 610 1380 662 ejusdem
1395 611 1557 663 capitis:

364 702 447 739 καὶ
488 702 527 740 εἰ
570 706 713 742 τοῦτο
756 705 890 749 μανεὶς
931 702 947 740 ὁ
985 701 1098 750 δῆμος
1127 701 1316 750 ὑπομείνῃ,
1348 700 1465 739 πάλιν
1492 701 1559 745 τὴν

363 794 481 839 αὐτὴν
511 797 747 833 κατάστασιν
775 792 889 842 ἔχετε
918 795 983 831 καὶ
1008 793 1047 831 εἰ
1073 795 1237 831 κωλύετε
1267 791 1408 838 λέγειν,
1438 790 1561 830 ὁπόσα

363 883 551 930 βούλεταί
576 898 632 926 τις
659 884 750 931 ὑπὲρ
778 890 845 932 τῆς
874 883 1076 932 πατρίδος,
1110 886 1193 935 (καὶ
1222 883 1253 921 εἶ
1278 882 1405 921 δίκαια
1432 885 1560 920 ταῦτα

363 974 538 1025 δόξωσιν).
569 974 678 1019 Quae
706 976 815 1013 uncis
837 976 977 1013 inclusi
997 975 1119 1013 codex
1133 974 1319 1012 Laurent.
1329 974 1421 1024 jure
1448 973 1560 1011 omit-

362 1065 435 1114 tit,
476 1078 644 1117 namque
684 1077 841 1117 prorsus
882 1069 973 1104 sunt
1013 1065 1147 1116 inepta
1188 1067 1226 1103 et
1256 1067 1299 1102 ut
1326 1063 1560 1102 insanabilia

363 1155 581 1206 rejicienda.
612 1155 781 1207 Reliqua
809 1156 865 1194 sic
891 1167 1119 1208 componere
1141 1158 1180 1194 et
1204 1154 1410 1193 emendare
1423 1154 1558 1193 liceat:

364 1244 451 1284 κᾶν
479 1248 614 1292 μανεὶς
641 1246 657 1284 ὁ
686 1245 801 1292 δῆμος
828 1246 954 1292 ὑμᾶς
985 1245 1187 1294 ὑπομείνῃ,
1215 1244 1332 1283 πάλιν
1359 1245 1426 1290 τὴν
1441 1245 1558 1289 αὐτὴν

364 1340 600 1375 κατάστασιν
637 1336 750 1386 ἔχετε
778 1335 842 1375 καὶ
871 1339 1035 1376 κωλύετε
1065 1341 1137 1376 cet.
1168 1336 1291 1388 Cujus
1318 1337 1563 1388 conjecturae

360 1432 405 1466 ut
432 1429 623 1467 rationem
649 1428 809 1467 reddam
832 1429 1001 1480 primum
1024 1428 1181 1479 quidem
1204 1428 1366 1467 observo
1381 1428 1562 1478 conjunc-

364 1519 490 1558 tivum
530 1518 711 1571 ὑπομείνῃ
753 1520 969 1559 necessario
1004 1520 1237 1572 particulam
1264 1517 1311 1558 ἄν
1339 1520 1536 1572 requirere
1551 1550 1562 1570 ,

364 1609 468 1662 quod
504 1610 589 1662 jam
631 1610 831 1664 Kiessling
873 1615 977 1651 recte
1013 1611 1123 1651 vidit.
1161 1611 1313 1652 Deinde
1339 1595 1447 1650 τοῦτο
1476 1614 1563 1664 post

367 1702 436 1738 κᾶν
464 1702 561 1740 mihi
589 1702 745 1754 quidem
772 1716 849 1742 non
873 1704 1020 1754 placet,
1036 1702 1348 1755 quandoquidem
1361 1716 1440 1742 non
1452 1706 1562 1755 patet

365 1796 498 1830 utrum
524 1792 574 1831 ad
600 1791 854 1842 δεκαδαρχίαν
879 1793 986 1840 ὑμῶν
1011 1793 1117 1845 (vide
1140 1806 1240 1846 quae
1263 1795 1441 1847 proxime
1453 1798 1563 1834 ante-

360 1882 521 1933 cedunt)
548 1884 792 1922 referendum
820 1885 870 1922 sit
896 1897 947 1923 an
974 1884 1025 1923 ad
1047 1897 1211 1936 sequens
1226 1885 1405 1933 πατρίους
1418 1886 1557 1934 ἀρχάςς

363 1971 464 2020 ὑμᾶς
504 1987 596 2014 vero
639 1974 742 2027 quod
768 1978 860 2015 ante
887 1973 1068 2028 ὑπομείνῃ
1096 1976 1224 2016 insero
1252 1990 1406 2017 omnem
1434 1976 1558 2018 ambi-

362 2063 553 2115 guitatem
595 2065 722 2116 tollit3
766 2066 879 2105 facile
913 2070 1046 2106 autem
1087 2070 1234 2107 TMAG
1273 2071 1360 2119 post
1387 2066 1560 2108 BHMOC

364 2155 594 2195 intercidere
629 2157 768 2208 potuit.
798 2156 946 2196 Eadem
973 2159 1054 2198 fere
1081 2160 1275 2198 sententia
1300 2160 1444 2211 legitur
1471 2159 1560 2198 Lib.

362 2246 438 2285 XI.
468 2260 500 2286 c.
533 2250 593 2286 11.
625 2248 690 2286 ἐάν
718 2262 761 2287 τε
790 2248 865 2296 γὰρ
895 2249 1079 2295 ἀγαπῶσι
1108 2251 1284 2297 Ῥωμαῖοι
1317 2254 1456 2295 πάντες
1483 2251 1559 2289 ὀλι-

364 2338 638 2390 γαρχοιίμενοι,
668 2341 734 2378 καὶ
757 2338 879 2387 μένειν
908 2340 1040 2387 ὑμᾶς
1070 2342 1133 2380 ἐπὶ
1155 2345 1223 2390 τῆς
1246 2341 1365 2387 αὐτῆς
1392 2340 1561 2388 ἐξουσίας

363 2429 633 2481 ψηφίσωνται,
661 2430 740 2469 κτὲ.
770 2431 909 2484 Neque
936 2433 980 2470 εἴ
1008 2436 1101 2472 ante
1114 2431 1280 2471 κωλύετε
1294 2432 1421 2479 λέγειν
1436 2433 1560 2474 feren·

359 2520 452 2560 dum
479 2534 580 2574 quae
608 2523 827 2574 conjunctio
851 2524 970 2563 etiam
993 2523 1229 2575 Kiesslingio
1245 2525 1378 2576 spuria
1391 2524 1558 2576 videtur3

360 2612 520 2653 minime
552 2626 643 2653 vero
673 2615 756 2654 viro
784 2614 885 2655 doct.
915 2616 1105 2655 assentior
1131 2614 1402 2667 corrigendum
1434 2618 1558 2671 suspi-
