1924 3118
898 307 944 344 14

366 444 454 483 Lib.
483 444 535 483 V.
567 458 598 483 c.
615 446 652 483 2.
683 443 958 488 ἐκκλησίαν
987 458 1029 482 τε
1060 444 1188 489 αὐτοῖς
1217 443 1404 484 ἀπέδοσαν
1429 444 1517 492 ὑπὲρ

308 535 380 573 τῶν
408 534 603 581 μεγίστων
632 537 697 573 καὶ
726 538 856 585 ψῆφον
886 535 1076 584 ἐπιφέρειν
1105 534 1168 574 καὶ
1194 531 1328 574 τοῖλλα
1343 537 1518 583 πράττειν

312 624 383 664 ὅσα
433 626 538 664 κατὰ
588 626 675 670 τοὺς
726 626 918 674 προτέρους
967 626 1147 673 ἐθισμοὺς
1198 626 1395 674 ἔπραττον.
1440 626 1519 665 Pro

313 717 499 762 ἐκκλησία
542 717 729 757 Reiskius
774 718 930 769 conjicit
968 716 1240 767 ἐκκλησιάζειν,
1285 731 1403 770 quam
1443 718 1518 756 lec·

312 809 458 848 tionem
518 808 771 860 praetulerim
832 812 991 864 propter
1046 813 1251 861 sequentes
1306 808 1519 847 infinitivos

309 899 436 948 φέρειν
465 903 506 939 et
534 902 725 947 πράττειν.

363 990 580 1030 Collatinus
620 1002 742 1041 quum
781 989 897 1028 Bruti
938 990 1118 1041 exemplo
1154 1002 1232 1029 non
1260 989 1518 1029 adduceretur

315 1085 360 1120 ut
420 1081 594 1120 libertati
651 1080 803 1133 patriae
844 1081 975 1120 omnia
1018 1081 1231 1133 praeferret
1272 1094 1342 1133 pro
1377 1082 1518 1121 sororis

311 1172 402 1211 filiis
430 1170 659 1223 proditionis
687 1171 875 1210 convictis
902 1184 1060 1210 causam
1089 1172 1277 1224 suscipit3
1306 1171 1353 1211 de
1382 1185 1516 1224 quare

313 1263 402 1302 Lib.
430 1262 482 1301 V.
511 1276 544 1301 c.
575 1264 597 1301 9
625 1262 728 1301 inter
750 1262 828 1301 alia
850 1262 946 1301 haec
969 1262 1159 1301 eduntur:
1178 1262 1328 1305 πολλὰς
1342 1262 1520 1308 ἐξέτεινεν

314 1352 404 1402 ὑπὲρ
442 1354 517 1391 τῶν
550 1351 748 1401 μειρακίων
777 1351 932 1397 δεήσεις.
961 1351 1014 1390 τοὶ
1043 1351 1112 1399 μὲν
1140 1351 1445 1400 ἀπολογούμενος
1472 1353 1520 1398 ὡς

313 1443 374 1482 δια
404 1442 572 1488 νεότητος
614 1440 826 1490 ἄγνοιαν
855 1445 922 1481 καὶ
951 1442 1112 1491 πονηρὰς
1141 1443 1263 1492 φίλων
1290 1443 1443 1490 ὁμιλίας
1470 1443 1522 1486 εἷς

311 1536 455 1579 ταύτην
485 1534 726 1582 ἐμπεσόντων
750 1538 817 1584 τὴν
842 1533 1165 1584 φρενοβλάβειαν.
1181 1535 1410 1575 ——Minime
1423 1536 1520 1575 mihi

315 1625 379 1665 hic
422 1626 551 1678 placet
591 1627 763 1673 ἄγνοιαν.
791 1625 908 1665 Bruti
945 1625 1015 1665 filii
1053 1629 1092 1665 et
1132 1625 1173 1665 hi
1210 1624 1258 1665 de
1284 1625 1425 1678 quibus
1455 1625 1519 1665 hic

312 1729 440 1756 sermo
469 1721 528 1756 est
555 1729 634 1755 non
664 1720 776 1755 erant
806 1717 959 1768 pueruli
987 1729 1153 1768 quorum
1182 1720 1241 1755 est
1267 1714 1427 1766 ἄγνοια,
1452 1716 1519 1755 sed

309 1809 476 1858 juvenes
507 1821 673 1859 quorum
703 1811 762 1845 est
789 1809 919 1856 ἄνοια,
949 1807 1054 1857 quod
1077 1807 1233 1845 omnino
1256 1807 1319 1845 hic
1333 1820 1520 1858 reponen-

312 1898 429 1949 dum,
471 1902 516 1937 ut
559 1897 706 1950 optime
749 1896 878 1937 editur
915 1897 1003 1936 Lib.
1045 1896 1121 1936 XI.
1166 1910 1199 1936 c.
1233 1899 1293 1936 12.
1323 1895 1519 1945 πραΰνοντι

316 1988 390 2034 τοὶ,-
431 1990 507 2028 τῶν
550 1986 774 2035 ἠδικημένων
810 1985 927 2035 ὄργας
967 1986 999 2025 οἱ
1038 1986 1107 2034 μὲν
1135 1986 1188 2031 εἷς
1216 1983 1342 2026 ἄνοιαν
1371 1986 1521 2033 ἡλικίας

315 2080 655 2127 καταφεύγοντες,
701 2078 733 2116 οἱ
774 2077 813 2116 δὲ
850 2077 904 2122 εἰς
932 2078 1095 2125 πονηρῶν
1121 2075 1324 2125 ἀνθρώπων
1352 2076 1516 2124 ὁμιλίας.

363 2170 452 2209 Lib.
484 2169 535 2208 V.
565 2183 597 2208 c.
633 2167 695 2207 11.
722 2169 834 2207 Haec
863 2169 1073 2219 leguntur:
1103 2167 1328 2217 Κολλατίνῳ
1350 2168 1419 2215 μὲν
1444 2182 1521 2207 ποι-

314 2262 446 2309 ροεινῶν
490 2258 742 2307 μεταθέσθαι
782 2271 826 2297 τε
867 2258 934 2302 την
975 2257 1113 2302 οἴκησιν
1154 2257 1311 2307 ἑτέρωθί
1346 2258 1429 2312 (γε’)
1458 2258 1522 2298 ποί

313 2364 408 2390 ποτε
455 2348 585 2389 πάντα
630 2349 682 2388 τοὶ
717 2349 851 2388 ἑαυτοῦ
878 2348 1070 2396 λαβόντα.
1099 2349 1177 2388 Pro
1205 2348 1360 2397 ἑτέρωθί
1385 2348 1434 2396 γέ
1460 2349 1524 2389 ποί

315 2443 376 2482 vir
404 2442 465 2481 cl.
497 2441 668 2481 Cobetus
699 2440 768 2492 (N.
799 2441 846 2480 L.
861 2454 900 2493 p.
918 2442 1024 2491 703.)
1040 2441 1154 2481 unice
1167 2454 1301 2481 veram
1315 2442 1521 2496 lectionem

315 2533 517 2587 proposuit
545 2545 686 2586 nempe
714 2530 867 2580 ἑτέρωσέ
890 2545 973 2582 ποι,
989 2532 1082 2571 alio.
1099 2531 1275 2583 Sequens
1290 2545 1382 2571 ποτε
1396 2532 1521 2572 libens
