1924 3118
881 365 932 402 45

314 504 524 545 desiderari
566 507 659 544 ante
690 501 916 552 κρύψαντες.
948 502 1059 548 Quae
1086 503 1189 543 enim
1217 517 1278 544 res
1306 505 1390 556 ipsa
1419 503 1514 543 satis

314 596 487 649 loquitur
515 607 583 646 ea,
612 593 769 647 opinor,
800 594 918 633 nullis
945 593 1096 634 artibus
1108 594 1225 634 celari
1238 598 1378 648 potest.
1397 594 1513 634 Clau-

315 688 401 726 dius
443 686 564 738 igitur
590 698 668 724 non
695 685 768 724 hoc
797 685 909 724 dicit:
941 685 1172 737 Verginium
1199 690 1237 725 et
1266 699 1356 725 suos
1383 686 1514 741 dolum

315 790 432 830 quem
458 777 695 816 struxissent
724 777 862 816 texisse
892 775 960 817 sed
982 776 1085 829 quod
1099 780 1230 829 tegere
1243 777 1370 816 conati
1385 753 1513 816 essent

315 868 355 906 id
384 881 467 906 rem
493 868 619 919 ipsam
647 868 691 906 in
720 869 842 907 lucem
861 869 1098 919 protulisse;
1113 881 1234 920 quare
1248 881 1335 907 cum
1352 867 1513 906 Reiskio

313 958 475 1009 conjicio
516 962 603 1009 post
644 956 849 1005 κέχρηνται
885 958 1133 998 inserendum
1164 972 1247 998 esse
1274 962 1398 1005 μάτην
1412 989 1422 1009 ,
1453 960 1516 998 vel

314 1051 465 1100 κακῶς,
494 1049 557 1088 vel
584 1050 664 1088 tale
692 1048 799 1101 quid.

368 1140 523 1180 Vitiosa
564 1144 655 1179 sunt
697 1153 798 1192 quae
834 1140 1020 1192 leguntur
1048 1140 1136 1179 Lib.
1166 1140 1218 1179 X,
1253 1153 1285 1179 c.
1317 1142 1379 1180 37.
1410 1136 1513 1184 οὗτος

314 1231 439 1279 μέντοι
486 1231 635 1277 Σίκκιος
667 1255 717 1261 --
746 1231 763 1271 ὂ
791 1230 934 1285 μηδένα
963 1231 1122 1272 κίνδυνον
1151 1232 1310 1278 ὀκνήσας
1339 1231 1514 1279 πώποτε,

317 1322 405 1371 μηδ’
431 1322 713 1371 ἀπειπάμενος,
743 1323 851 1363 ἀλλὰ
879 1320 902 1369 ἦ
911 1339 929 1362 ν
957 1324 994 1363 ἕν
1018 1323 1255 1374 παρατάξεσι
1271 1329 1343 1365 cet.
1360 1325 1518 1378 Optime

317 1415 517 1468 Kiessling
544 1416 820 1456 animadvertit
849 1411 889 1460 ἦν
918 1419 1011 1456 ante
1038 1416 1075 1455 ἐν
1093 1416 1293 1456 ferendum
1310 1429 1387 1455 non
1406 1429 1490 1456 esse
1505 1446 1516 1467 ,

316 1520 438 1559 quum
451 1511 557 1547 totus
571 1511 778 1547 contextus
791 1508 1041 1561 participium
1054 1508 1243 1560 efflagitet
1259 1520 1336 1546 non
1351 1507 1516 1547 verbum

317 1599 484 1638 finitum.
513 1599 665 1638 Deinde
691 1603 779 1651 post
806 1599 915 1637 ἀλλὰ
941 1600 1122 1638 lacunam
1150 1599 1384 1651 significavit
1399 1611 1517 1650 quam

316 1691 371 1729 sic
410 1691 591 1744 supplere
620 1694 802 1730 conatur:
831 1690 939 1729 ἀλλὰ
967 1694 1114 1734 πάντας
1142 1688 1309 1735 ὑποστάς
1324 1721 1334 1741 ,
1363 1690 1467 1742 quod
1494 1703 1518 1729 a

315 1784 449 1820 nostro
499 1781 582 1820 loco
633 1794 712 1820 non
762 1781 933 1821 alienum
970 1786 1041 1821 est.
1085 1781 1216 1827 Quum
1257 1785 1388 1821 tamen
1429 1785 1516 1834 post
1555 1825 1559 1829 ⁴

316 1871 576 1918 ἀπειπάμενος
604 1872 755 1911 facilius
784 1873 954 1924 potuerit
983 1872 1162 1911 excidere
1189 1872 1370 1920 ἀράμενος
1398 1885 1516 1924 quam

318 1963 483 2008 ὑποστάς
510 1964 682 2015 suspicor
709 1964 890 2002 lacunam
917 1964 972 2002 sic
999 1964 1128 2016 potius
1157 1964 1392 2015 explendam
1406 1976 1512 2003 esse:

317 2052 426 2093 ἀλλὰ
470 2052 621 2098 πάντας
661 2052 856 2103 ἀράμενος.
901 2053 1012 2093 Conf.
1056 2067 1140 2106 cap.
1179 2054 1412 2106 praecedens
1440 2054 1514 2100 ἐγὼ

315 2145 377 2184 τὸν
408 2144 497 2194 ὑπὲρ
524 2143 703 2185 ἁπάντων
731 2144 889 2185 κίνδυνον
917 2144 1110 2194 ἀράμενος.
1136 2144 1284 2191 Quodsi
1297 2157 1412 2198 porro
1426 2158 1515 2185 cum

318 2236 462 2276 Kiessl.
490 2251 561 2289 pro
588 2233 629 2281 ἦν
657 2237 695 2275 ἐν
723 2236 962 2286 παρατάξεσι
992 2237 1239 2276 substitueris
1265 2238 1349 2275 καὶ
1380 2237 1416 2275 ἐν
1441 2251 1516 2276 ποι-

316 2326 525 2379 ραταὶξεσι,
568 2328 730 2368 habebis
772 2329 805 2368 si
845 2328 974 2368 minus
1010 2328 1130 2368 verba
1152 2329 1321 2368 auctoris
1344 2332 1385 2368 at
1412 2333 1517 2368 certe

319 2432 420 2471 quae
447 2419 530 2459 sine
557 2420 767 2460 offensione
793 2421 871 2473 legi
898 2425 1072 2474 possunt.

373 2510 461 2550 Lib.
485 2510 538 2551 X.
563 2523 595 2551 c.
620 2512 683 2551 39.
709 2510 856 2551 Siccius
874 2510 1069 2551 Dentatus
1082 2511 1124 2551 in
1138 2511 1215 2551 fine
1229 2511 1413 2551 orationis
1426 2524 1520 2552 suae

322 2601 475 2654 plebem
502 2602 733 2642 adhortatur
759 2616 809 2642 ne
832 2603 979 2643 diutius
1001 2603 1253 2643 contumelias
1267 2603 1518 2655 patriciorum
