1924 3118
978 327 1002 367 8

386 463 506 503 multo
557 464 686 503 labore
732 465 773 504 in
814 465 948 517 fugam
990 469 1177 516 vertunt3
1222 466 1355 518 itaque
1395 480 1465 519 pro
1508 481 1590 507 sus-

382 557 496 607 pecto
549 554 616 593 σ-ὺν
672 555 801 603 πολλῷ
851 552 975 606 χρόνῳ
1024 556 1290 608 reponendum
1333 570 1472 597 censeo
1515 557 1582 596 σὺν

383 646 514 694 πολλῷ
543 646 658 697 πόνῳ.

431 738 591 779 Leviter
619 737 891 790 corrigendum
918 738 1015 777 mihi
1043 737 1198 778 videtur
1228 738 1316 778 Lib.
1342 738 1423 779 III.
1448 753 1533 792 cap.
1553 741 1587 779 1.

380 828 447 870 fin.
474 828 545 868 ubi
571 828 718 868 editur:
746 826 841 867 ἔνθα
870 825 945 867 ὅσοι
976 826 1171 874 Ῥωμαίων
1200 823 1296 871 ἦσαν
1325 827 1484 868 ἀνέστιοι
1515 837 1585 867 λοι-

379 919 516 969 χόντες
540 925 606 959 τοῦ
635 919 772 968 χωρίου
800 919 843 958 τὸ
872 920 1005 967 οὶρκοῦν
1033 918 1324 957 κατεσκεύασαν
1340 920 1472 965 οἰκίαις.
1491 921 1585 960 Sus-

381 1011 488 1065 picor
515 1015 607 1052 ante
636 1011 778 1057 ΟΙκΙοις
805 1011 996 1052 excidisse
1022 1012 1174 1051 exitum
1200 1015 1274 1049 TO
1305 1012 1415 1051 verbi
1429 1014 1586 1064 praece-

351 1145 355 1150 .
380 1102 532 1153 dentis3
574 1102 698 1141 forma
730 1103 835 1141 enim
867 1101 983 1141 medii
1010 1103 1344 1149 παρεσκευάσαντο
1377 1103 1589 1154 requiritur

381 1206 504 1246 quum
530 1194 606 1233 sibi
635 1193 768 1232 domos
796 1193 1058 1238 aedificarent.

435 1284 523 1323 Lib.
556 1283 635 1323 III.
667 1297 700 1323 c.
730 1285 766 1323 5.
794 1283 847 1328 εἰς
871 1283 909 1322 δὲ
932 1283 994 1322 τὸν
1020 1283 1155 1322 ἐκείνου
1179 1281 1292 1322 τόπον
1320 1282 1586 1323 ἀποδείκνυται

380 1373 596 1423 στρατηγὸς
625 1372 867 1423 αὐτοκράτωρ
897 1398 948 1403 -
976 1373 1142 1420 Μέττιος
1172 1373 1413 1423 Φουφέττιο,·.
1446 1375 1588 1415 Latine

379 1469 487 1505 recte
515 1465 657 1504 dicitur
684 1467 727 1504 in
755 1466 931 1516 alicujus
957 1466 1082 1504 locum
1106 1466 1304 1515 sufficere,
1330 1479 1485 1516 creare,
1510 1479 1588 1504 non

380 1557 439 1595 ita
466 1555 617 1594 Graece
644 1555 697 1599 εἷς
725 1556 789 1594 τὸν
816 1555 932 1594 τόπου
960 1556 1086 1599 τινόςε,
1117 1570 1187 1607 pro
1215 1569 1292 1606 quo
1321 1556 1467 1594 Atticis
1484 1561 1588 1595 certe

380 1643 469 1684 οέντί
494 1658 592 1690 τινος
618 1644 659 1684 in
686 1657 762 1685 usu
788 1648 860 1685 est.
891 1644 1018 1685 Paulo
1045 1646 1148 1685 infra
1175 1645 1310 1685 eodem
1338 1621 1465 1698 capite
1493 1646 1587 1699 legi·

379 1739 469 1774 tur:
511 1720 597 1774 οὔτε
639 1733 692 1773 τοὶ
721 1737 877 1784 σφάγια
906 1735 1019 1774 ὁπότε
1048 1734 1174 1774 &Nom-0
1204 1737 1287 1783 περὶ
1317 1738 1450 1783 μάχης
1480 1735 1586 1774 καλοὶ

373 1826 569 1874 γινόμενα.
591 1826 719 1866 Attici
743 1830 968 1866 constanter
994 1826 1175 1866 dicebant
1202 1826 1381 1873 γίγνεται
1408 1826 1460 1864 τὰ
1491 1825 1584 1875 ἱεροὶ,

377 1917 518 1956 omisso
558 1916 752 1967 adJeotivo
791 1915 923 1966 καλοὶ,
965 1916 1068 1967 quod
1109 1916 1173 1955 hic
1211 1916 1375 1955 fortasse
1417 1930 1441 1955 a
1471 1918 1588 1956 sciolo

377 2007 546 2062 quodam
574 2007 764 2048 insertum
792 2012 865 2047 est.

431 2098 521 2145 Lib.
551 2098 632 2138 III.
660 2112 693 2138 c.
718 2101 755 2138 6.
780 2097 1105 2148 παρεσκευάζοντό
1125 2113 1168 2137 τε
1193 2099 1240 2144 ὡς
1255 2099 1374 2139 οὐκέτι
1392 2098 1584 2146 Ῥωμαίων

375 2187 691 2239 ἀκροώμενοι.
734 2189 902 2229 Latine:
945 2189 1139 2242 parabant
1167 2202 1208 2229 se
1237 2188 1287 2229 ad
1315 2177 1587 2228 Romanorum

380 2283 589 2335 imperium
617 2283 659 2321 in
686 2285 888 2335 posterum
916 2280 1226 2320 detrectandum.
1257 2280 1364 2319 Solet
1387 2284 1521 2319 autem
1545 2281 1586 2319 in

378 2373 449 2413 tali
478 2373 519 2412 in
548 2385 591 2412 re
618 2360 985 2422 παρασκευάζεσζῦοιι
1014 2371 1185 2411 construi
1219 2383 1308 2410 cum
1338 2370 1385 2416 ὡς
1414 2374 1453 2410 et
1469 2371 1590 2423 parti·

379 2463 479 2516 cipio
522 2463 671 2513 futuri3
708 2462 905 2501 substituo
941 2462 1062 2514 igitur
1091 2474 1161 2514 pro
1188 2458 1409 2507 ἀκροώμενοι
1441 2461 1587 2513 exigua

379 2556 596 2595 mutatione
623 2555 904 2602 ἀκροασόμενοι.
