1924 3118
846 369 892 405 31

277 507 343 544 καὶ
371 503 429 544 ἵνα
458 508 512 553 μὴ
537 503 735 551 ἐξαπατᾶν
757 504 861 551 ὑμᾶς
876 500 988 548 αὖθις
1003 502 1146 552 δοκῆτε,
1164 507 1236 543 eet.
1252 503 1357 542 Fieri
1371 503 1475 542 enim

277 597 404 648 potuit
445 600 490 634 ut
526 595 652 634 scriba
693 595 921 634 adverbium
948 591 1092 632 ἕνεκα
1119 597 1277 646 propter
1310 606 1474 644 sequens

274 689 340 725 καὶ
370 682 430 724 ἵνα
460 685 776 738 praetermiserit.
805 684 882 724 Sed
909 685 1007 724 nihil
1035 697 1105 738 pro
1134 688 1239 724 certo
1267 684 1431 724 affirmo.

329 778 415 817 Lib.
459 778 532 817 VI.
573 790 606 816 e.
649 779 711 816 93.
750 776 938 816 exhibent
965 777 1132 816 codices:
1162 799 1215 805 —
1243 777 1326 823 περὶ
1356 774 1471 813 αὐτὸν

276 869 382 918 ὁρῶσι
429 872 570 918 νεκρούς
615 883 658 907 τε
696 867 884 915 κειμένους
911 867 1073 911 πολλοὺς
1103 870 1167 906 καὶ
1195 847 1474 914 ἡμιθανεῖς.

276 960 354 999 Pro
396 960 534 999 ultimo
574 959 762 999 vocabulo
799 959 992 998 substituo
1028 958 1244 1005 ἡμιθνῆτας
1299 957 1477 997 Verbum

274 1050 440 1101 codicis,
483 1050 517 1088 si
555 1053 660 1089 reete
698 1049 882 1098 memini,
925 1061 1004 1087 non
1044 1049 1119 1087 nisi
1147 1048 1220 1087 hoc
1247 1048 1362 1087 unico
1390 1047 1475 1086 loco

279 1140 384 1193 apud
424 1140 541 1179 Dion.
582 1140 776 1190 occurrit;
803 1138 964 1185 ἡμιθνής
991 1151 1084 1178 vero
1111 1139 1148 1178 ei
1175 1139 1365 1177 usitatum
1393 1151 1477 1177 esse

277 1232 340 1271 vel
367 1244 418 1271 ex
443 1232 549 1271 hisee
575 1232 764 1283 exemplis
790 1232 1021 1284 apparebit:
1050 1232 1138 1270 Lib.
1168 1231 1248 1270 III.
1279 1244 1311 1270 o.
1328 1233 1392 1270 20.
1407 1231 1474 1269 fin.

284 1325 349 1360 καὶ
391 1321 494 1369 μετα
534 1327 661 1362 τοῦτον
703 1324 766 1361 ἐπὶ
807 1323 870 1362 τὸν
903 1326 1121 1362 τελευταῖον
1151 1323 1338 1369 ὠσάμενος
1365 1322 1477 1369 ἧμι-

277 1416 440 1463 &urna
483 1437 533 1443 ——
570 1414 917 1463 ἐπικατασφάττει.
948 1413 1036 1453 Lib.
1066 1412 1139 1453 IV.
1169 1426 1201 1452 e.
1231 1416 1268 1452 4.
1297 1414 1333 1450 ἐν
1362 1409 1387 1461 ᾧ
1415 1413 1478 1452 τὸν

277 1503 481 1552 Ταρκύνιον
522 1504 809 1550 ἡμιθνῆτα
852 1503 1005 1544 ἔθεσαν.
1048 1504 1136 1543 Lib.
1179 1503 1299 1543 VIII.
1339 1494 1374 1543 c.
1414 1505 1477 1543 86.

279 1586 557 1639 σκυλεῦσαντες
597 1594 634 1632 δὲ
676 1594 761 1639 τοὺς
797 1596 872 1633 τῶν
910 1595 1099 1641 πολεμίων
1127 1594 1271 1642 νεκροὺς
1297 1597 1363 1633 καὶ
1391 1595 1477 1639 τοὺς

278 1685 574 1735 ἡμιθνῆτας.
606 1686 693 1726 Lib.
723 1686 843 1726 VIII.
872 1699 905 1726 e.
934 1688 998 1726 89.
1024 1684 1087 1725 καὶ
1119 1686 1403 1739 ἡμιθνῆτες,
1421 1685 1475 1724 ἔτι

278 1776 431 1822 πλείους
460 1777 531 1815 τῶν
559 1781 705 1825 νεκρῶν.
732 1776 813 1815 κτὲ.

334 1869 383 1906 In
414 1869 549 1907 eodem
577 1869 704 1920 capite
731 1870 848 1930 paulo
874 1869 976 1908 insta
1003 1870 1057 1908 sic
1072 1871 1261 1922 scriptum
1276 1874 1355 1909 est:
1371 1870 1475 1916 μετὰ

278 1961 387 1997 τοῦτο
415 1981 467 1988 -
497 1957 654 2006 ἐχώρουν
677 1982 728 1987 -
754 1957 814 1997 ἐπὶ
838 1957 925 2004 τοὺς
949 1957 1004 1997 ἔτι
1027 1958 1271 2005 διαμένοντας
1295 1960 1331 1998 ἐν
1354 1960 1474 2007 τάξει,

286 2049 490 2094 κτείνοντες
513 2049 598 2092 τοὺς
620 2049 900 2099 ὑφισταμένους
922 2052 988 2088 καὶ
1007 2048 1128 2098 ὥσπερ
1150 2050 1477 2098 ἀνδραπόδοις

285 2139 586 2189 παραχρώμενοι.
627 2140 780 2180 Ultima
817 2141 938 2180 verba
979 2142 1076 2180 mihi
1115 2155 1192 2181 non
1229 2143 1396 2194 placent.
1436 2143 1478 2181 Si

280 2231 394 2269 multi
421 2231 552 2270 hostes
578 2244 656 2270 uno
683 2235 858 2283 tempore
885 2232 1172 2271 interficiuntur
1199 2237 1330 2273 noster
1357 2233 1475 2272 dicit:

287 2320 485 2369 προβάτων
526 2321 626 2366 δίκην
654 2322 702 2362 ef.
730 2322 818 2361 Lib.
846 2322 944 2362 VII.
973 2337 1005 2363 e.
1037 2326 1098 2363 11.
1124 2323 1211 2369 τοὺς
1238 2325 1307 2371 μὲν
1335 2323 1476 2370 ἄλλους

284 2447 336 2452 -—
379 2424 578 2472 προβάτων
620 2424 721 2470 δίκην
766 2425 1030 2476 κατέσφαξαν.
1074 2428 1131 2468 Ut
1162 2431 1361 2481 mancipia
1389 2445 1480 2471 vero

287 2519 507 2556 tractantur
556 2520 595 2556 et
636 2516 850 2557 caeduntur
891 2518 1035 2571 privati
1076 2519 1250 2559 homines
1291 2521 1403 2573 pravi
1444 2526 1482 2561 et

288 2607 459 2646 seditiosi
487 2612 525 2647 et
553 2609 581 2647 ii
609 2608 751 2661 quibus
778 2610 1013 2662 potentiores
1028 2610 1107 2649 vim
1121 2610 1310 2663 afferunt;
1328 2614 1484 2665 patroni
