1924 3118
926 369 975 406 57

353 505 527 546 videntes
563 506 604 545 in
647 518 780 557 pugna
811 504 974 544 stataria
989 534 999 554 ‚
1027 505 1201 543 cominus
1231 516 1406 556 pugnare
1434 503 1550 543 desti-

354 600 486 636 terunt
524 600 563 635 et
593 596 746 648 longius
773 595 968 648 progressi
996 595 1147 634 eminus
1174 607 1263 633 eum
1292 594 1417 632 adorti
1449 597 1552 632 sunt.

355 701 386 726 c.
417 689 467 726 26
510 686 676 733 ἔβαλλον
701 685 733 725 οἱ
762 686 831 732 μὲν
858 685 1047 729 σαυνίοις,
1077 684 1109 723 οἱ
1138 684 1176 722 δὲ
1204 683 1420 732 χέρμασιν,
1452 684 1484 723 οἱ
1514 683 1552 722 δὲ

352 776 489 823 ξύλοις.
534 776 661 816 Caede
697 780 921 829 perpetrata
960 776 1000 815 in
1029 780 1158 815 castra
1185 776 1330 815 reversi
1357 786 1551 814 rumorem

354 870 543 919 spargunt
570 867 700 905 hostes
726 866 774 905 de
800 866 1010 919 improviso
1035 866 1226 917 impetum
1249 865 1385 903 fecisse
1408 867 1447 902 et
1473 863 1553 901 Sic-

351 958 454 995 cium
489 957 738 996 interfecisse.
783 957 929 995 Milites
971 946 1064 996 vere
1108 957 1176 1008 qui
1202 956 1244 995 in
1273 955 1410 994 castris
1438 957 1550 993 erant

350 1046 464 1085 Siccii
503 1050 669 1085 mortem
710 1059 826 1097 aegre
868 1036 1037 1085 ferentes
1078 1047 1211 1085 statim
1236 1046 1356 1085 subiit
1383 1045 1551 1097 suspicio

349 1149 438 1176 eum
478 1149 555 1176 non
596 1150 620 1175 a
662 1136 837 1175 hostibus
878 1136 945 1176 sed
988 1135 1075 1175 dolo
1103 1136 1206 1175 malo
1236 1148 1260 1175 a
1288 1135 1368 1174 suis
1396 1147 1551 1174 caesum

347 1239 457 1276 esse,
505 1226 608 1277 quod
634 1227 779 1264 nullius
808 1226 931 1264 hostis
959 1227 1073 1264 occisi
1102 1226 1267 1264 cadaver
1295 1203 1549 1264 inveniretur.

348 1315 375 1354 J
377 1329 447 1355 ure
483 1315 761 1355 existimabant
800 1315 968 1354 Siccium
1002 1307 1083 1355 'non
1119 1317 1289 1354 inultum
1316 1316 1549 1355 moriturum

349 1406 467 1444 fuisse
487 1407 725 1456 praesertim
750 1418 869 1457 quum
893 1406 1066 1444 cominus
1083 1411 1307 1458 puynatum
1322 1389 1428 1445 esset.
1445 1406 1550 1451 Quid

351 1497 555 1547 sequitur?
584 1498 634 1547 (c.
663 1485 745 1547 27.)
769 1496 886 1541 αὐτὸς
914 1510 957 1534 τε
985 1496 1061 1544 γὰρ
1089 1497 1106 1535 ὁ
1137 1497 1285 1542 Σίκκιος
1301 1496 1451 1541 πολλὰς
1466 1498 1548 1545 εἶχε

349 1566 520 1632 πλύνας,
546 1585 618 1630 τὰς
642 1586 711 1633 μὲν
727 1586 797 1626 ὑπὸ
811 1586 1012 1635 χερμάδων
1024 1616 1034 1631 ,
1053 1586 1124 1630 τὰς
1141 1586 1173 1625 δ’
1191 1587 1260 1626 ὑπὸ
1276 1587 1432 1626 σαυνίων
1449 1620 1458 1635 ,
1474 1587 1546 1632 τὰς

348 1676 380 1713 δ’
408 1676 478 1716 ὑπὸ
506 1680 731 1726 μαχαιρῶν,
761 1679 826 1715 καὶ
855 1677 871 1715 ὁ
900 1677 1159 1721 ὑπασπιστής·
1187 1677 1218 1715 οἱ
1247 1676 1278 1714 δ’
1308 1677 1372 1714 ὑπ’
1404 1677 1547 1715 ἐκείνων

349 1767 562 1815 ἀνῃρημένοι
586 1768 730 1812 πάντες
752 1770 1015 1815 μαχαιρῶν
1044 1767 1065 1811 ἢ
1095 1767 1357 1816 χερμάδων
1388 1767 1408 1812 ἢ
1439 1782 1547 1805 σαυ-

350 1857 480 1904 νίων,
509 1858 689 1906 βέλους
717 1858 763 1898 δὲ
791 1857 1036 1906 οὐδεμίαν.
1067 1858 1219 1898 Ultima
1241 1858 1431 1898 vocabula¹
1453 1855 1548 1897 πάν-

347 1962 410 1994 τες
439 1972 489 1978 -
518 1948 692 1996 οὐδεμίαν
721 1954 903 2002 corrupta
931 1962 1015 1989 esse
1040 1962 1110 2001 pro
1138 1953 1243 1988 certo
1272 1948 1407 1988 habeo.
1444 1949 1546 1991 Mili-

346 2041 450 2079 tibus
477 2042 562 2092 ipsa
588 2045 829 2080 mortuorum
856 2043 1019 2080 vulnera
1044 2054 1122 2079 non
1146 2045 1308 2092 possunt
1330 2054 1408 2079 non
1431 2041 1560 2087 docu-x

344 2135 475 2171 mento
512 2145 596 2171 esse
625 2132 798 2171 cominus
826 2145 909 2172 esse
939 2110 1184 2184 pugnatum3
1212 2133 1254 2170 in
1275 2133 1412 2183 prima
1443 2133 1545 2172 enim

346 2234 501 2274 pugnae
529 2209 665 2274 parte,
693 2226 738 2262 ut
767 2235 818 2263 ex
845 2222 1165 2276 praecedentibus
1197 2227 1381 2277 apparet,
1399 2223 1546 2264 Siccius

344 2312 564 2364 quindecim
578 2313 819 2366 proditorum
832 2314 1079 2353 interfecerat
1094 2317 1133 2353 et
1149 2314 1266 2367 duplo
1285 2315 1450 2366 majores
1460 2315 1543 2353 vul-

346 2406 577 2454 neraverat3
615 2405 683 2444 sed
709 2406 840 2444 nullus
867 2419 992 2445 sermo
1021 2409 1079 2445 est
1108 2419 1198 2445 eum
1226 2407 1331 2445 saxis
1358 2408 1477 2445 etiam
1505 2411 1544 2445 et

340 2495 482 2545 jaculis
508 2495 749 2535 adversarios
772 2509 862 2536 suos
886 2497 1037 2536 eminus
1061 2497 1230 2549 petiisse.
1257 2496 1402 2537 Omnes
1425 2498 1547 2549 igitur

347 2590 542 2637 mortuos,
584 2590 738 2639 praeter
779 2588 907 2641 ipsum
937 2587 1106 2628 Siccium
1129 2592 1167 2627 et
1196 2589 1280 2641 ejus
1308 2588 1546 2643 armigerum
