1924 3118
927 367 974 403 ‘21

347 519 431 543 τινοο
475 509 542 554 τῆ,ι
580 504 754 553 πικτρίδο,ἱ
792 509 840 544 'ut
873 518 1050 558 pagnans
1078 517 1167 543 oum
1196 516 1335 555 graeco
1365 514 1541 541 sermone

351 600 496 636 temere
522 597 739 645 rejiciamus
781 596 865 635 Nec
892 595 1100 648 quicquam
1126 592 1357 632 mutandum
1385 593 1480 643 puto
1503 590 1545 628 in

349 687 396 724 iis
422 700 521 738 quae
547 700 639 725 mox
667 690 901 738 sequuntur:
930 686 1148 723 τελευταῖον
1177 682 1215 721 δὲ
1243 684 1318 720 τῶν
1348 679 1543 729 εἰρημένων

348 776 487 822 οὐδενὸς
515 776 635 825 ἑτέρου
662 777 822 826 Φήσοιιτ’
847 774 893 815 ἂν
917 772 1010 814 εἶναι
1027 776 1363 820 πλεονεκτημάτων
1386 771 1546 811 ἔλασσον

347 890 398 894 -
424 866 465 905 τὸ
494 866 547 912 μὴ
575 870 732 904 τοιαῦτα
757 866 845 912 ἡμῖν
873 866 1119 909 ἀπηντῆσθαι
1140 864 1245 912 παρὰ
1264 866 1339 901 τῶν
1355 861 1544 908 πολεμίων

350 952 410 995 οἷοι
454 956 711 1003 ὑπελάβομεν.
757 956 845 995 Non
881 956 984 995 enim
1012 955 1228 994 necessario
1257 953 1469 1006 requiritur
1499 955 1545 991 ut

348 1060 434 1085 cum
477 1046 713 1099 Kiesslingio
753 1050 889 1085 contra
928 1045 1103 1085 codicum
1145 1044 1262 1083 fidem
1309 1042 1414 1091 παρὰ
1459 1045 1547 1095 post

348 1136 590 1185 ἀπηντῆσθαι
619 1150 889 1188 expungamus
919 1137 1130 1175 substituto
1153 1150 1224 1187 pro
1239 1149 1283 1174 eo
1298 1136 1462 1174 articulo
1475 1133 1541 1172 τὰ.

401 1228 605 1266 Assentior
631 1240 723 1266 vero
746 1227 982 1278 Kiesslingio
997 1227 1209 1279 suspicanti
1223 1226 1407 1265 mendum
1421 1226 1544 1265 latere

348 1317 435 1356 Lib.
481 1317 555 1356 VI.
599 1329 630 1356 ο.
677 1318 737 1357 10.
778 1316 846 1355 ubi
885 1316 981 1356 haec
1012 1316 1197 1368 leguntur
1226 1314 1273 1360 ὡς
1303 1314 1340 1354 δὲ
1369 1313 1467 1354 πολὺ
1498 1313 1541 1353 τὸ

349 1410 562 1455 ποιράλογον
603 1406 826 1456 ἀμφοτέροις
869 1411 937 1455 τῆς
965 1405 1085 1452 δόξης·
1125 1405 1301 1453 οὐδέτεροι
1330 1405 1407 1454 γὰρ
1437 1405 1545 1444 ἐλπί-

347 1511 481 1542 σαντες
517 1501 649 1545 μάχης
678 1497 817 1542 δεήσειν
847 1496 1000 1545 σφίσιν,
1032 1501 1105 1535 cet.
1135 1497 1290 1536 Dubius
1318 1497 1455 1539 haeret
1482 1497 1543 1535 vir

353 1588 452 1627 doct.
494 1602 587 1650 num
629 1589 728 1628 forte
769 1601 839 1641 pro
874 1587 921 1633 ὡς
954 1587 991 1626 δὲ
1023 1588 1162 1627 melius
1192 1588 1242 1627 sit
1270 1583 1311 1631 ἦν
1342 1586 1391 1626 δὲ.
1426 1587 1548 1641 Equi-

350 1678 437 1718 dem
478 1679 586 1731 impf.
627 1678 736 1718 verbi
780 1674 873 1717 εἶναι
914 1678 1017 1731 quod
1056 1690 1188 1718 carere
1230 1691 1307 1718 non
1337 1691 1542 1731 possumus

347 1770 542 1821 posuerim
568 1773 655 1822 post
682 1768 811 1815 δόξης,
842 1782 912 1808 nec
937 1769 1197 1821 expunxerim
1220 1769 1266 1812 ὡς
1282 1769 1386 1821 quod
1399 1770 1546 1821 optime

346 1861 512 1899 refertur
537 1860 588 1899 ad
614 1873 778 1912 sequens
806 1859 926 1899 οὐκέτι
956 1859 1007 1899 δὲ.
1038 1860 1126 1900 Hoc
1150 1861 1254 1900 enim'
1277 1860 1370 1900 dicit
1384 1864 1539 1901 auctor:

349 1930 466 2002 quma
507 1957 635 1990 autem
674 1957 855 2002 utrosque
898 1952 1009 2003 lonye
1051 1964 1124 1990 sua
1163 1952 1370 2002 fefellisset
1415 1954 1546 2004 opinio

347 2055 422 2081 non
450 2042 620 2092 amplius
648 2043 691 2080 in
721 2042 888 2081 hostium
914 2042 1128 2092 formidine
1150 2043 1293 2082 salutis
1308 2048 1343 2083 et
1358 2044 1543 2083 victoriae

345 2146 447 2183 spem
487 2134 657 2183 positam
685 2146 763 2171 esse
792 2133 1067 2183 existimantes,
1098 2138 1275 2173 strenuos
1298 2139 1542 2187 puqnatores

349 2236 388 2262 se
410 2224 707 2274 praestiterunt.

403 2314 588 2353 Similiter
616 2313 764 2353 mendis
791 2314 970 2353 laborare
993 2314 1175 2354 videntur
1200 2315 1320 2354 verba
1350 2315 1544 2355 Postumii

347 2404 545 2444 dictatoris
589 2404 695 2455 (Lib.
737 2404 811 2443 VI.
851 2418 883 2443 c.
923 2406 978 2456 9.)
1018 2405 1159 2457 quibus
1196 2406 1345 2445 animos
1373 2407 1544 2446 militum

346 2508 490 2546 augere
515 2498 687 2534 conatur.
712 2495 852 2535 Nonne
875 2499 990 2548 turpe
1013 2500 1093 2546 est,
1112 2496 1260 2548 inquit,
1276 2509 1386 2536 senes
1401 2497 1542 2549 quibus

347 2585 448 2624 vires
490 2585 538 2624 ad
582 2585 712 2624 hostes
754 2585 966 2625 caedendos
1007 2599 1085 2626 non
1112 2587 1279 2640 amplius
1308 2591 1545 2641 suppetant,
