1924 3118
965 344 1015 382 54

388 482 564 535 ejusdem
606 482 695 522 libri
737 483 805 522 ubi
848 482 964 523 Dion.
1003 483 1165 522 eandem
1194 484 1429 523 sententiam
1456 483 1594 522 iisdem

386 573 468 613 fere
509 573 639 613 verbis
681 574 887 626 exprimit3
917 572 982 612 ἐὰν
1008 573 1084 622 γὰρ
1115 571 1432 622 ὑπερβαλώμεθκ
1465 579 1593 612 τοῦτον

389 664 453 703 τὸν
481 667 623 713 καιρόν,
653 664 775 704 οὐκέτι
805 663 1020 710 συνάξουσιν
1049 665 1153 713 mai,-
1182 664 1214 703 οἱ
1229 664 1320 703 &iux
1335 664 1591 711 βουλευσομέ-

396 769 476 800 νους
504 755 596 803 ὑπὲρ
624 752 777 800 οὐδενός.

445 847 591 887 Misera
634 847 850 899 tautologia
889 846 1060 886 tollenda
1093 847 1189 886 mihi
1219 847 1372 886 videtur
1405 847 1492 887 Lib.
1525 847 1600 886 XI.

394 951 478 990 cap.
508 940 545 977 9.
576 937 619 977 Ο.
651 937 838 977 Claudius
867 951 1003 976 causas
1026 950 1258 976 enumerans
1275 951 1342 977 cur
1358 942 1449 976 ante
1464 951 1597 977 omnes

391 1030 465 1070 sibi
508 1029 555 1068 de
595 1028 761 1081 publicis
792 1028 1001 1068 commodis
1031 1029 1152 1068 verba
1179 1029 1256 1067 sint
1286 1029 1463 1069 facienda
1492 1030 1592 1069 inter

392 1121 469 1160 alia
496 1120 593 1160 haec
621 1119 767 1159 dixisse
795 1120 937 1159 fertur:
969 1119 1056 1167 πρὸ,-
1086 1119 1124 1158 δὲ
1151 1117 1316 1164 τούτοις,
1343 1119 1402 1157 ὅτι
1420 1122 1594 1163 τοιαύτην

390 1211 636 1258 δικδέδεγμαι
688 1211 895 1259 προαίρεσιν
947 1211 987 1249 ἐκ
1028 1210 1214 1258 προγόνων
1258 1233 1304 1240 —-
1354 1204 1393 1253 ἣν
1439 1210 1504 1248 οὐκ
1550 1208 1596 1247 ἂν

391 1302 556 1350 προδοίην
598 1302 686 1340 ἑκὼν
728 1299 929 1342 sivan...
970 1301 1017 1340 δέ
1046 1316 1125 1348 μοι
1156 1304 1341 1345 ταύτην
1371 1303 1454 1339 τοῦ
1483 1300 1597 1348 βίου

391 1392 704 1442 προαίρεσιν,
745 1394 810 1431 καὶ
847 1392 912 1432 οὐκ
941 1390 987 1431 ἄν
1016 1391 1322 1441 καταισχύναιμι
1350 1391 1422 1437 τὰ,-
1454 1392 1597 1431 ἐκείνων

390 1486 466 1524 τῶν
495 1483 631 1533 ἀνδρῶν
659 1483 807 1532 ἀρετάς.
838 1484 973 1524 Verba
1001 1488 1088 1537 post
1117 1480 1210 1522 εἶναι
1240 1497 1364 1536 usque
1393 1484 1442 1523 ad
1470 1483 1597 1531 προαί-

392 1589 489 1623 ρεσιν
518 1588 675 1615 sensum
702 1577 854 1614 nullum
883 1575 1028 1614 habere
1043 1576 1117 1613 viri
1132 1575 1233 1614 docti
1243 1576 1328 1625 jam
1345 1575 1411 1613 diu
1426 1575 1598 1613 animad-

392 1670 596 1706 verterunt
638 1667 740 1705 inter
783 1679 902 1717 quos,
945 1670 988 1704 ut
1031 1670 1177 1705 ceteros
1221 1667 1419 1715 omittam,
1451 1666 1599 1705 Reiske

393 1759 481 1809 post
531 1752 625 1794 εἶναι
672 1755 824 1794 hiatum
866 1756 1100 1807 significavit
1143 1769 1260 1808 quam
1303 1755 1503 1808 Kiessling
1543 1757 1599 1795 ita

392 1847 573 1898 supplere
599 1849 786 1884 conatur:
815 1845 974 1893 Φυλάξω
1004 1845 1047 1893 δὴ
1078 1844 1254 1889 τοιαύτην
1279 1851 1343 1884 τοῦ
1358 1845 1400 1892 β.
1417 1859 1458 1884 π.
1476 1845 1625 1897 Equi--

391 1935 479 1975 dem
522 1935 621 1974 nihil
651 1935 899 1975 inserendum
926 1939 1033 1988 puto.
1064 1935 1168 1980 Quid
1198 1936 1392 1988 amplius,
1428 1950 1597 1988 quaeso,

391 2025 627 2065 desiderabis
655 2026 687 2064 si
715 2025 752 2063 δέ
781 2026 1071 2073 μοι-προαίρεσιν
1100 2031 1144 2065 ut
1172 2028 1409 2079 interpolata
1437 2041 1595 2079 prorsus

393 2116 606 2168 rejeceris?
650 2116 888 2156 Luculenter
930 2121 1061 2156 orator
1103 2117 1196 2156 dicit
1238 2131 1338 2169 quae
1379 2119 1599 2170 significare

392 2207 478 2246 vult
508 2219 635 2259 neque
662 2208 744 2246 ulla
773 2208 1033 2259 explicatione
1064 2208 1282 2247 sententiae
1296 2220 1393 2260 opus
1408 2212 1479 2247 est.
1497 2207 1600 2246 Vide

392 2310 507 2349 porro
548 2298 687 2350 ecquid
730 2299 821 2337 novi
853 2297 1145 2350 Kiesslingiana
1173 2299 1398 2350 conjectura
1426 2299 1564 2338 afferat
1580 2300 1598 2337 ἓ

392 2388 535 2429 Nonne
574 2387 734 2437 φυλάξω
772 2388 815 2437 δὴ
843 2386 1019 2432 τοιαύτην
1046 2393 1119 2428 cet.
1149 2389 1230 2429 fere
1258 2389 1361 2429 idem
1390 2394 1449 2429 est
1480 2393 1599 2442 atque

389 2479 430 2519 id
460 2479 563 2532 quod
592 2480 776 2520 continuo
803 2479 1020 2533 praecedit:
1051 2474 1091 2524 ἣν
1121 2480 1186 2519 οὐκ
1213 2478 1260 2519 ἂν
1285 2477 1563 2529 προδοίην-εἶναι
1580 2482 1598 2519 ⁸?

392 2570 532 2622 Neque
575 2571 744 2609 multum
788 2570 918 2610 differt
949 2584 973 2609 a
1001 2572 1252 2623 sequentibus
1281 2573 1347 2609 καὶ
1378 2572 1443 2610 οὐκ
1471 2570 1517 2610 ἂν
1547 2594 1598 2601 --
