1924 3118
894 383 942 420 67

330 519 370 557 ἐκ
414 524 486 569 γῆς
515 520 743 560 α’νελθοῐνσοιι
773 520 972 570 ὤφθησαν.
1001 521 1179 561 Primum
1208 522 1441 561 vocabulum
1468 526 1526 561 est

329 616 557 662 poetarum,
587 617 630 650 ut
659 613 794 664 Eurip.
824 613 954 664 Iphig.
984 613 1102 651 Taur.

564 699 588 740 ὦ
621 696 763 741 πολλαὶ
791 701 955 750 δακρύων
982 701 1153 749 λιβάδες.

329 793 439 832 Idem
467 793 699 831 vocabulum
725 793 884 831 adhibet
912 793 1029 832 Dion.
1059 797 1098 832 et
1127 794 1214 832 Lib.
1232 794 1306 833 XI.
1323 807 1354 833 o.
1372 796 1434 834 37.
1450 794 1522 837 τὰς

329 883 496 930 λιβάδας
524 883 712 930 ἐξέματτε
739 886 809 921 τῶν
837 883 1003 931 δακρύων
1033 888 1072 923 et
1100 885 1205 923 alibi.

382 974 468 1013 Lib.
506 973 578 1013 IV.
607 987 639 1013 c.
668 972 704 1013 2.
733 974 795 1013 τὸν
823 973 892 1020 μὲν
921 970 980 1013 οὖν
1007 974 1209 1023 Ταρκύνιον
1238 974 1456 1014 ἀκούσαντά
1483 990 1525 1014 τε

329 1066 395 1102 καὶ
425 1064 528 1110 μετὰ
557 1069 683 1102 ταῦτα
712 1061 835 1102 ἰδόντα
865 1065 908 1103 τὸ
940 1065 1049 1113 τέρας
1092 1067 1136 1103 ἐν
1179 1065 1408 1113 θαύματι
1449 1081 1524 1113 γε·

328 1154 503 1194 νέα-θαι
546 1160 585 1194 et
632 1156 719 1194 Lib.
764 1156 840 1194 XI.
879 1170 911 1195 c.
953 1158 1016 1195 27.
1054 1157 1100 1201 ὡς
1137 1155 1345 1196 ἐθεάσαντο
1381 1157 1443 1196 τὸν
1475 1181 1526 1186 -

329 1245 476 1284 Σίκκιον
515 1269 564 1273 -
600 1246 644 1283 ἐν
673 1244 905 1292 θαύματι
935 1242 1066 1289 ἦσαν.
1097 1246 1207 1285 Haec
1235 1247 1374 1286 ultima
1402 1246 1527 1286 Hero-

329 1335 442 1374 dotus
484 1335 675 1387 imprimis
716 1336 900 1385 adhibet,
927 1349 998 1374 neo
1028 1339 1158 1374 tamen
1186 1336 1406 1388 Thucydidi
1436 1342 1527 1376 sunt

328 1426 473 1477 ignota.

384 1517 470 1556 Lib.
503 1517 576 1556 IV.
606 1531 638 1556 c.
671 1519 732 1556 16.
773 1517 1037 1564 ἐκοσμεῖτο
1069 1516 1099 1554 δ’
1132 1518 1167 1554 ἐν
1194 1520 1271 1561 τοῖς
1286 1518 1411 1563 ἀγῶσι
1426 1517 1528 1564 μετὰ

330 1608 414 1653 τοὺς
437 1607 678 1657 προμάχους.
704 1609 960 1648 Notissimum
984 1612 1043 1648 est
1065 1608 1228 1648 verbum
1251 1612 1404 1655 κοσμεῖν
1426 1609 1529 1661 apud

330 1682 548 1738 Homeriim
576 1699 678 1738 idem
707 1699 926 1751 significare
949 1698 1053 1751 quod
1075 1699 1180 1751 apud
1195 1699 1349 1738 Atticos
1366 1703 1529 1738 τάττειν.

330 1803 363 1829 e.
392 1803 429 1841 g.
460 1790 572 1829 Iliad.
602 1790 676 1828 XI.
707 1792 770 1829 51.

385 1879 497 1929 Φθοὶν
528 1880 565 1918 δὲ
596 1879 690 1927 μέγ’
720 1880 867 1925 ἱππήων
895 1879 956 1919 ἐπὶ
986 1879 1120 1929 τάφρῳ
1148 1879 1415 1928 κοσμηθέντες.

329 1986 399 2024 pro
426 1971 656 2020 ταχθέντες.

383 2063 470 2102 Lib.
487 2063 560 2103 IV.
578 2077 610 2102 c.
636 2065 699 2102 47.
725 2062 944 2102 κίνδυνον
973 2063 1035 2102 τὸν
1060 2062 1241 2110 μέγιστον
1268 2062 1528 2112 τρέχουσιν

330 2158 369 2193 et
409 2154 495 2195 Lib.
540 2154 638 2194 VII.
683 2168 714 2194 c.
748 2157 810 2194 48.
853 2155 933 2194 τὸν
974 2154 1066 2203 ὑπὲρ
1103 2159 1170 2204 τῆς
1198 2157 1328 2203 ψυχῆς
1356 2154 1527 2200 ἀγῶνα

330 2243 512 2292 τρέχει.
558 2244 606 2283 cf.
648 2244 793 2283 Herod.
837 2244 924 2283 Lib.
964 2244 1154 2288 V111.‚c.
1187 2246 1272 2283 102.
1310 2244 1527 2289 πολλοὺς

302 2318 518 2379 Ὗπολλοὶκις
554 2334 757 2381 ἀγῶνας
800 2333 1101 2382 δραμέοντκι
1141 2336 1224 2383 περὶ
1254 2333 1378 2383 σφέων
1406 2335 1528 2379 αὐτῶν

329 2425 359 2465 οἱ
386 2427 585 2469 Ἕλληνες.
615 2425 783 2464 Videtur
811 2426 906 2464 haec
920 2426 1020 2465 ratio
1034 2425 1184 2464 dicendi
1199 2426 1389 2477 imprimis
1404 2427 1528 2477 petita

326 2530 377 2556 ex
405 2516 529 2555 Iliade
556 2516 643 2555 Lib.
673 2516 813 2555 XXII.
846 2519 934 2555 161.

376 2604 484 2647 ἀλλὰ
524 2622 553 2646 π·
563 2622 580 2647 ε
591 2622 609 2656 ρ
621 2610 632 2646 ὶ
673 2611 704 2656 ψ
716 2623 736 2646 υ
745 2622 777 2658 χ
788 2612 809 2652 ἦ
820 2624 838 2652 ς
876 2611 956 2649 940
969 2622 985 2647 ν
1012 2609 1187 2657 Ἕκτορος
1215 2607 1451 2656 ἱπποδάμοιο.
