1924 3118
926 362 975 399 59

321 504 474 557 Ικάμνει
517 499 648 539 πάντα
690 499 790 548 δίψει
831 501 880 537 τὰ
920 498 1034 546 βοτά.
1063 500 1223 538 Lacuna
1252 513 1369 552 quam
1398 501 1541 541 Struve

341 593 574 644 significavit
611 593 665 631 sic
692 591 886 644 explenda
918 590 1092 631 videtur:
1133 589 1222 641 ὥρᾳ
1262 590 1400 637 ἔτους
1430 592 1539 637 ἧνίκοι

340 688 412 723 cet.
454 683 647 736 Tempora
673 684 776 723 enim
801 683 897 722 'anni
926 682 1075 722 Graece
1101 683 1284 722 dicuntur
1312 680 1399 732 ὧραι
1429 683 1532 729 ἔτους

340 775 403 812 vel
441 775 506 812 τοῦ
548 775 726 812 ἐνιαυτοῦ.
767 787 805 812 v.
847 787 880 812 c.
923 773 1010 812 Lib.
1055 773 1128 812 VI.
1165 787 1197 812 c.
1237 775 1299 813 62.
1331 771 1404 823 ὥρᾳ
1432 774 1536 819 ἔτους

339 862 517 911 χειμερίῳ
558 863 645 902 Lib.
684 863 803 903 VIII.
833 877 865 902 o.
894 866 957 902 89.
987 864 1024 901 ἐν
1051 867 1215 913 πνιγηρᾷ
1241 861 1314 913 ὥρᾳ
1342 863 1459 909 grou..
1489 866 1537 903 cf.

339 954 462 993 Thuc.
491 955 578 994 Lib.
607 955 704 994 VII.
733 968 765 994 c.
796 957 859 994 47.
885 959 953 1003 τῆ,-
980 969 1023 993 ‘rs
1047 952 1141 1002 ὥροις
1168 958 1232 993 τοῦ
1256 954 1424 994 ἐνιαυτοῦ
1439 956 1531 993 wad·

338 1058 404 1089 τη,-
431 1043 541 1090 οὕσης
570 1046 605 1084 ἐν
634 1043 656 1094 ᾗ
686 1044 904 1085 ἀσθενοῦσιν
933 1043 1119 1094 ἄνθρωποι
1148 1044 1337 1093 μάλιστα.

392 1135 479 1174 Lib.
512 1135 633 1175 XIII.
662 1149 746 1189 cap.
781 1138 840 1175 13.
871 1135 1030 1187 (Kiessl.
1060 1136 1134 1175 IV.
1163 1150 1201 1189 p.
1234 1138 1340 1188 195.)
1370 1137 1536 1189 legimus

337 1226 608 1277 pervulgatam
674 1227 846 1266 fabulam
901 1229 1036 1279 (quam
1081 1228 1217 1266 Livius
1268 1232 1402 1267 narrat
1446 1229 1533 1267 Lib.

339 1318 390 1358 V.
437 1331 469 1356 c.
508 1317 591 1370 48.)
622 1317 819 1357 Romanos
848 1331 872 1356 a
900 1317 1025 1356 Gallis
1051 1318 1092 1357 in
1120 1319 1320 1369 angustias
1349 1319 1535 1358 adductos

336 1406 473 1446 urbem
515 1421 610 1446 auro
649 1407 840 1447 redimere
880 1408 1048 1447 voluisse
1063 1438 1073 1458 ,
1102 1412 1141 1447 et
1169 1408 1305 1447 ducem
1334 1408 1536 1448 Gallorum

335 1511 457 1550 quum
484 1498 658 1550 gladium
684 1498 847 1550 ponderi
874 1498 1110 1548 addidisset,
1138 1502 1319 1550 rogatum
1347 1499 1440 1551 quid
1464 1499 1536 1538 hoc

335 1589 583 1642 significaret,
611 1589 873 1642 respondisse:
903 1587 1007 1633 ὀδύνη
1036 1593 1114 1634 τοῖς
1128 1588 1536 1642 κεκρατημένοις;ᾳιιί·

333 1681 407 1719 bus
434 1680 563 1719 verbis
588 1680 737 1721 Graece
761 1681 980 1733 exprimere
1003 1682 1127 1721 voluit
1142 1681 1245 1734 quod
1260 1682 1365 1734 apud
1378 1682 1535 1722 Livium

333 1773 498 1826 legimus
544 1786 613 1812 vae
648 1773 786 1813 victis!
816 1773 1053 1814 Plutarchus
1080 1774 1121 1814 in
1150 1774 1234 1814 vita
1264 1773 1419 1814 Camilli
1449 1787 1533 1827 cap.

332 1866 395 1903 28.
422 1865 559 1904 iisdem
586 1865 666 1905 fere
692 1865 822 1905 verbis
851 1866 1000 1905 utitur:
1019 1865 1123 1910 ὀδύνη
1138 1869 1216 1911 τοῖς
1232 1864 1531 1913 κεκρατημένοις.

330 1956 518 2008 Polybius
547 1957 594 1996 de
620 1957 694 1996 hac
719 1958 852 1996 fabula
879 1971 929 1997 ne
955 1957 1119 1996 verbum
1147 1957 1302 2009 quidem
1331 1970 1457 2009 neque
1485 1956 1533 1995 de

330 2047 554 2086 interventu
578 2047 759 2098 Camilli;
784 2048 851 2087 sed
879 2049 1076 2100 quantivis
1103 2048 1218 2100 pretii
1245 2051 1303 2087 est
1327 2047 1430 2100 quod
1444 2061 1531 2087 nar-

329 2143 391 2179 rat
420 2140 454 2178 B
484 2152 505 2178 c
550 2141 609 2179 18.
639 2139 812 2179 Venetos
842 2140 972 2179 subito
998 2140 1039 2179 in
1055 2139 1224 2179 Galliam
1240 2139 1530 2192 expeditionem

329 2232 463 2271 fecisse
508 2245 586 2283 qua
626 2245 668 2271 re
709 2231 844 2271 audita
887 2231 1021 2270 Gallos
1060 2231 1228 2270 Romam
1255 2231 1458 2281 reliquisse
1486 2235 1530 2269 ut

328 2323 496 2374 patriam
536 2336 646 2361 suam
677 2321 939 2362 defenderent.
970 2322 1033 2361 Sic
1061 2322 1231 2361 mendax
1262 2321 1530 2361 Romanorum

327 2413 460 2453 fabula
486 2414 702 2453 luculenter
729 2413 964 2465 exploditur.

379 2504 468 2544 Lib.
516 2505 631 2545 XIV.
674 2519 706 2545 c.
754 2507 815 2544 11.
854 2504 1014 2556 (Kiessl.
1045 2504 1118 2543 IV.
1147 2517 1185 2557 p.
1215 2504 1323 2555 202.)
1352 2501 1530 2550 μάλιστα

326 2594 363 2634 δὲ
392 2594 442 2643 τῷ
472 2594 585 2642 μηδὲν
616 2599 686 2635 τῶν
716 2596 804 2645 ὑπὲρ
830 2598 898 2645 τὴν
926 2594 1158 2645 ἀνθρωπίνην
1187 2594 1302 2645 φύσιν
1334 2593 1526 2640 οἱλλήλου,ι
