1924 3118
982 417 1023 453 11

403 551 612 600 Ταρκυνίου
639 555 819 601 τελευτὴν
843 552 1081 601 παραλαβὼν
1109 555 1176 601 τὴν
1203 551 1409 598 βασιλείαν
1431 553 1598 596 Τύλλιος

406 642 468 680 ἐπ’
504 641 568 687 ἔτη
605 642 886 691 τετταράκοντα
923 642 986 681 καὶ
1024 642 1191 691 τέτταρα
1228 642 1432 691 κατέσχεν.
1464 641 1599 681 Codex

404 732 576 772 Urbinas
622 733 782 773 exhibet
821 735 923 773 inter
966 730 1021 773 ὅτι
1067 738 1105 773 et
1148 733 1253 780 μετὰ
1290 733 1601 785 conjunctionem

404 825 469 860 καὶ
500 836 617 874 quam
645 823 844 875 Kiessling
869 824 1130 876 recipiendam
1154 827 1296 863 censet.
1312 823 1505 875 Equidem
1520 834 1598 860 non

403 913 579 965 intelligo
610 915 677 966 qui
702 915 762 953 vir
791 915 890 954 doct.
921 928 967 954 eo
994 915 1119 954 redire
1148 915 1318 967 potuerit
1346 918 1390 953 ut
1418 913 1600 953 suaderet

405 1004 445 1042 in
481 1008 635 1043 textum
675 1006 844 1044 inserere
883 1006 1116 1044 vocabulum
1144 1006 1177 1043 si
1204 1005 1298 1057 quid
1325 1005 1437 1043 video
1464 1005 1601 1042 moles·

404 1095 596 1133 tissimum
645 1100 683 1133 et
733 1109 757 1133 a
806 1100 993 1134 contextu
1042 1096 1256 1134 sententiae
1308 1095 1600 1146 alienissimum.

405 1184 515 1223 Nihil
554 1186 661 1224 aliud
688 1161 780 1225 dicit
810 1190 945 1225 auctor
975 1199 1092 1239 quam
1108 1185 1281 1225 Tullium
1296 1189 1382 1238 post
1398 1185 1602 1238 Tarquinii

405 1280 569 1314 mortem
595 1289 715 1328 regno
741 1278 918 1330 potitum·
936 1272 1195 1329 quadraginta
1222 1281 1261 1315 et
1289 1279 1455 1329 quatuor
1482 1287 1604 1315 annos

404 1380 612 1419 regnasse;
653 1368 858 1407 ridiculum
900 1381 993 1407 vero
1033 1372 1091 1407 est
1128 1368 1254 1407 dicere
1283 1367 1457 1406 Tullium
1486 1368 1603 1406 etiam

403 1461 490 1510 post
517 1458 619 1510 regis
647 1461 811 1498 mortem
839 1459 874 1498 ei
902 1459 1141 1498 successisse.

457 1548 545 1587 Lib.
575 1549 649 1587 IV.
679 1562 711 1588 c.
741 1551 791 1588 34
821 1549 852 1587 εἷ
880 1548 918 1589 δὲ
945 1549 1059 1592 κοινὸς
1088 1547 1268 1588 ἁπάντων
1297 1546 1404 1596 νόμος
1436 1546 1490 1594 ἦν,
1519 1548 1605 1593 τοὺς

403 1639 688 1688 διαδεχομένους
728 1640 796 1684 τήν
836 1654 879 1678 τε
920 1640 1069 1689 φύσιν
1115 1643 1182 1678 καὶ
1224 1640 1276 1679 τα
1311 1640 1501 1689 χρήματα
1526 1642 1602 1677 τῶν

404 1731 630 1773 ἐκλιπόντων
672 1732 877 1779 βασιλέων,
917 1731 984 1770 σὺν
1020 1731 1164 1774 τούτοις
1203 1733 1267 1770 καὶ
1297 1730 1368 1776 τας
1395 1730 1602 1778 βασιλείας

403 1823 526 1861 αὐτῶν
568 1821 892 1871 παραλαμβάνειν
931 1822 1010 1861 κτὲ.
1047 1822 1214 1862 Prorsus
1252 1822 1423 1861 alienum
1454 1821 1504 1861 ab
1531 1821 1604 1860 hoc

403 1914 486 1952 loco
515 1927 598 1952 esse
624 1911 738 1962 φύσιν
761 1914 846 1965 jam
877 1914 952 1952 viri
975 1913 1077 1952 docti
1100 1913 1294 1952 viderunt.
1318 1912 1520 1963 Kiessling
1533 1924 1604 1963 pro

404 2016 448 2043 eo
488 2004 640 2056 reponit
681 2003 835 2054 οὐσίαν;
873 2004 1016 2043 Portus
1043 2007 1196 2054 κτῆσιν,
1225 2016 1390 2055 quorum
1419 2006 1602 2042 neutrum

402 2098 532 2134 tamen
576 2093 731 2147 probo3'
754 2107 880 2147 neque
921 2094 1024 2134 enim
1066 2094 1210 2134 Portus
1245 2107 1371 2148 neque
1399 2094 1601 2147 Kiessling

401 2186 526 2224 ullum
565 2186 742 2237 sequenti
777 2186 967 2233 χρήματα
994 2187 1123 2225 locum
1152 2187 1405 2239 relinquunt3
1431 2199 1601 2238 namque

401 2276 591 2325 χρήματα
619 2277 811 2329 significat
840 2278 1064 2330 pecuniam,
1093 2277 1201 2317 οὐσία
1231 2291 1322 2317 vcro
1349 2283 1388 2317 et
1416 2282 1546 2328 κτῆσις
1561 2280 1602 2318 in

402 2368 626 2407 universum
667 2381 820 2408 omnem
848 2370 1128 2421 possessionem
1155 2370 1238 2410 sive
1263 2371 1313 2409 sit
1340 2370 1506 2422 pecunia
1531 2383 1602 2409 nu·

402 2463 551 2498 merata
590 2460 671 2499 sive
698 2461 873 2499 aedificia
900 2461 983 2500 sive
1009 2461 1125 2500 horti.
1153 2461 1241 2501 Hoc
1269 2463 1373 2512 loco,
1401 2475 1488 2501 mea
1518 2475 1602 2501 sen-

401 2550 526 2589 tentia
539 2581 549 2601 ,
576 2551 786 2603 requiritur
808 2552 1042 2592 vocabulum
1070 2546 1245 2606 quod'ut
1270 2567 1339 2593 nos
1363 2553 1526 2592 dicimus
1542 2566 1603 2592 res

406 2641 617 2680 immobiles
645 2642 856 2694 exprimit3
885 2657 1007 2696 quum
1034 2648 1165 2686 tamen
1193 2645 1273 2686 tale
1300 2645 1462 2683 verbum
1479 2657 1606 2683 meam
