1924 3118
962 341 1013 379 50

381 475 516 526 lerius)
554 475 571 514 ὁ
611 476 754 523 Φάβιος
785 476 952 521 ἐκάθητο
981 478 1055 515 ὑπ’
1091 476 1338 526 αῗσχύνης
1364 476 1464 516 οὐδὲν
1493 477 1588 516 ἀπο-

380 562 609 612 κρινόμενος.
636 568 807 612 '‘Ami-10,-
839 567 876 607 δὲ
905 570 970 606 καὶ
998 568 1029 607 οἱ
1058 570 1180 607 λοιποὶ
1209 566 1300 606 δέκα
1330 567 1472 612 πάντες
1494 567 1587 605 ἁνα-

381 655 620 703 πηδήσοιντες
657 656 814 698 ἐκώλυον
855 659 968 698 αὐτὸν
1012 658 1153 706 λέγειν.
1200 659 1323 698 Miror
1351 659 1455 698 viros
1482 658 1583 697 doct.

375 761 531 788 sensum
558 752 640 788 tam
668 750 846 802 ineptum
874 751 1067 802 patienter
1095 750 1196 790 ferre
1224 750 1408 803 potuisse.
1434 748 1580 788 Fabius

376 843 421 877 ut
457 840 622 891 legimus
662 853 761 890 prae
798 841 951 890 pudore
983 841 1082 880 nihil
1112 840 1331 893 respondet.
1363 839 1441 878 Sed
1468 839 1583 890 quale

373 929 532 973 tandem
561 930 754 981 flagitium
782 931 842 969 vir
869 931 1147 983 integerrimus
1175 931 1240 982 (cf.
1266 931 1354 970 Lib.
1379 930 1431 969 X.
1449 943 1481 968 c.
1499 931 1580 980 58.)

371 1020 617 1060 commiserat
660 1024 704 1060 ut
747 1021 821 1060 hac
861 1021 908 1061 de
950 1034 1068 1061 causa
1108 1021 1286 1061 taceret?
1324 1019 1477 1059 Deinde
1513 1020 1580 1072 qui

369 1111 455 1150 fieri
497 1111 625 1163 potuit
667 1115 712 1150 ut
750 1112 906 1164 Appius
949 1117 988 1151 et
1031 1114 1115 1164 ejus
1143 1113 1314 1165 collegae
1342 1124 1393 1150 ex
1422 1110 1578 1150 sedibus

370 1203 450 1242 suis
493 1203 718 1243 exsilientes
761 1203 1012 1256 prohiberent
1049 1204 1256 1256 quominus
1293 1203 1326 1242 is
1353 1203 1577 1254 loqueretur

369 1294 432 1333 cui
472 1294 676 1333 consilium
715 1295 897 1347 loquendi
939 1308 1017 1334 non
1047 1295 1181 1335 esset?
1211 1294 1290 1333 Pro
1318 1297 1423 1333 certo
1451 1292 1576 1332 habeo

369 1385 537 1424 Fabium
579 1398 657 1425 non
699 1398 793 1437 prae
826 1386 972 1437 pudore
1000 1386 1067 1425 sed
1095 1387 1135 1425 vi
1164 1389 1341 1425 coactum
1369 1384 1468 1423 nihil
1495 1397 1573 1423 res-

368 1475 549 1529 pondisse
592 1480 631 1515 et
674 1475 910 1529 Dionysium
948 1489 1018 1528 pro
1060 1475 1124 1514 “2⁷1³
1159 1473 1346 1524 αἰσχύνης
1374 1473 1572 1526 scripsisse

366 1566 432 1605 ὑπ’
474 1565 672 1614 ἀνάγκης-ς
717 1568 749 1606 si
790 1571 992 1620 praeterea
1033 1567 1240 1606 molestum
1266 1565 1304 1605 δὲ
1333 1565 1572 1618 expunxeris

366 1657 580 1696 substituta
621 1658 892 1709 conjunctione
930 1658 1076 1697 causali
1104 1656 1181 1705 γὰρ
1210 1656 1372 1696 habebis
1400 1668 1446 1695 ea
1471 1667 1571 1707 quas

365 1760 461 1787 sana
487 1748 587 1787 ratio
615 1747 771 1787 videtur
798 1747 1025 1800 efflagitare.

414 1837 609 1890 Coi-rupta
636 1838 756 1877 etiam
786 1839 883 1878 haee
911 1842 1002 1878 sunt
1034 1839 1098 1878 vel
1126 1838 1315 1877 nonnulla
1337 1836 1566 1876 exciderunt

359 1926 494 1969 eodem
536 1941 620 1982 cap.
661 1930 734 1968 τῶν
772 1927 804 1967 δ’
843 1928 886 1968 ἐκ
914 1932 982 1975 τῆς
1011 1927 1195 1977 ἑταιρείας
1226 1926 1364 1973 αὐτοὺς
1392 1925 1564 1974 λέγειν

359 2019 479 2067 ὀρθῶς
511 2018 737 2066 ἡγουμένων.
769 2019 936 2059 Plurimi
963 2020 1269 2073 indignabantur
1292 2019 1395 2073 quod
1410 2018 1564 2071 Appius

359 2116 398 2151 et
441 2113 582 2164 reliqui
619 2112 751 2151 decem
787 2112 992 2151 Valerium
1018 2113 1307 2165 prohibuissent
1333 2112 1467 2164 loqui,
1495 2110 1562 2162 qui

357 2215 450 2242 vero
486 2215 538 2241 ex
565 2215 699 2241 eorum
727 2202 932 2242 sodalitate
959 2207 1071 2243 erant
1098 2207 1204 2243 recte
1231 2216 1296 2243 eos
1324 2203 1470 2241 dixisse
1497 2202 1559 2252 (ut

354 2292 499 2344 editur)
529 2292 823 2333 existimabant.
854 2292 931 2333 Sed
960 2293 1007 2333 de
1022 2294 1196 2333 oratione
1211 2293 1348 2333 habita
1361 2292 1411 2332 ab
1427 2292 1559 2345 Appio

353 2388 393 2423 et
436 2384 596 2436 reliquis
624 2384 758 2423 decem
785 2386 917 2424 nullus
945 2389 1005 2424 est
1033 2398 1184 2436 sermo;
1212 2387 1460 2437 exspectares
1489 2395 1559 2436 pro

354 2473 483 2520 λέγειν
512 2475 641 2526 potius
667 2471 845 2525 κω>.ύειν;
874 2475 941 2514 sed
968 2488 1095 2527 neque
1121 2476 1194 2515 hoc
1218 2479 1368 2514 eertum
1390 2478 1429 2514 et
1444 2475 1558 2527 plura

351 2563 541 2604 excidisse
565 2564 759 2604 videntur.
