1924 3118
972 382 1022 419 55

394 517 544 567 ἀρετάς.
587 519 762 560 Astricte
803 522 922 571 atque
950 518 1136 559 concinne
1166 522 1294 558 orator
1324 518 1420 557 duas
1447 518 1594 570 primas

394 622 530 649 causas
571 610 752 663 exponit,
799 610 883 649 veri
926 593 1050 649 simile
1093 622 1172 649 non
1202 612 1262 649 est
1295 622 1384 649 eum
1411 609 1452 648 in
1477 608 1595 649 tertia

394 701 655 740 enumeranda
694 701 815 740 nimia
852 701 1060 741 verborum
1101 701 1212 753 copia
1248 700 1480 740 sententiam
1508 700 1592 738 lan·

394 790 510 842 guide
537 804 727 831 onerasse.
961 780 964 783 ¹

446 881 492 920 L.
539 881 740 922 Cornelius
781 895 869 922 acer
910 882 1215 922 decemvirorum
1258 883 1386 922 fautor
1430 884 1590 933 rogatus

395 973 627 1012 sententiam
677 973 725 1012 de
767 973 868 1012 bello
909 973 1094 1012 adversus
1136 973 1295 1025 Aequos
1335 977 1374 1012 et
1425 972 1589 1011 Sabinos

393 1064 634 1116 suscipiendo
662 1065 911 1104 vehementer
939 1065 1137 1104 invehitur
1164 1066 1205 1103 in
1233 1065 1473 1104 adversarios
1501 1076 1590 1103 suos

392 1155 459 1206 qui
502 1158 703 1194 suaserant
746 1167 795 1194 ne
826 1154 874 1194 de
901 1155 982 1194 ulla
1008 1167 1051 1194 re
1079 1154 1291 1207 quidquam
1318 1154 1589 1194 decerneretur

392 1221 512 1283 donec
539 1245 606 1283 alii
633 1245 886 1296 magistratus
914 1245 1034 1283 creati
1058 1245 1233 1283 fuissent.
1260 1244 1347 1290 Qua
1361 1245 1402 1283 in
1417 1244 1591 1283 oratione

392 1334 480 1373 Lib.
523 1334 598 1373 XI.
643 1347 726 1386 cap.
759 1336 820 1373 16.
847 1335 913 1373 fin.
943 1335 1062 1374 etiam
1089 1335 1185 1375 haec
1212 1336 1299 1387 lego
1327 1348 1428 1387 quae
1456 1335 1591 1387 procul

392 1425 508 1465 dubio
548 1428 730 1478 corrupta
773 1428 884 1465 suut:
929 1427 994 1464 καὶ
1039 1424 1111 1465 οὐδ’
1153 1424 1247 1465 αὐτὸ
1277 1429 1384 1465 τοῦτο
1413 1424 1590 1464 δύνανται

391 1516 573 1561 συνιδεῖν,
625 1520 680 1556 ὅτι
723 1516 881 1564 γνώμαις
924 1516 1132 1567 εἰσ-φέρουσι
1152 1548 1161 1565 ,
1203 1521 1352 1565 μᾶλλον
1394 1517 1425 1556 δ’
1467 1516 1591 1566 εὐχὰς

391 1607 666 1653 ἀδυνάτους
694 1607 911 1656 ἔχουσιν.
944 1607 1123 1647 Conabor
1152 1612 1284 1648 autem
1298 1609 1382 1647 loco
1394 1608 1589 1647 laboranti

389 1700 582 1751 probabili
608 1700 830 1750 conjectura
855 1700 1062 1738 subvenire
1089 1703 1297 1751 postquam
1316 1700 1484 1751 attigero
1499 1712 1589 1738 con-

383 1790 556 1840 jecturas
591 1789 676 1840 jam
718 1791 809 1827 ante
851 1801 875 1827 a
912 1788 1075 1828 Reiskio
1102 1793 1141 1829 et
1171 1789 1408 1842 Kiesslingio
1436 1790 1588 1829 allatas.

378 1879 539 1930 -Nempe
570 1877 717 1926 ἔχουσιν
748 1879 910 1917 Reiskio
936 1892 1013 1917 non
1043 1880 1190 1931 placuit
1208 1893 1277 1932 pro
1293 1893 1369 1932 quo
1384 1880 1587 1919 substituit

384 1969 556 2015 λέγουσιν
568 1999 578 2013 ,
597 1983 674 2021 qua
688 1969 925 2019 mutatione,
942 1969 1096 2021 opinor,
1112 1983 1251 2022 parum
1266 1971 1329 2009 vel
1344 1970 1473 2022 potius
1488 1970 1587 2010 nihil

382 2061 615 2112 proficimus.
660 2060 880 2112 Kiessling,
919 2060 1022 2112 quod
1060 2061 1200 2111 miror,
1241 2061 1395 2099 Reiskii
1434 2065 1587 2100 senten-

383 2151 478 2189 tiam
508 2151 711 2202 amplexus
740 2154 798 2190 est
826 2154 865 2190 et
896 2155 1098 2203 praeterea
1126 2154 1214 2203 post
1239 2151 1396 2198 γνώμαις
1421 2152 1586 2192 inseruit

385 2240 567 2291 πονηρὰς,
611 2254 711 2292 quae
748 2244 879 2280 tamen
908 2241 1131 2292 conjectura
1159 2241 1397 2294 Kiesslingio
1424 2242 1585 2295 indigna

386 2333 511 2383 primo
553 2345 706 2383 quoque
748 2336 922 2384 tempore
964 2336 1022 2370 est
1064 2332 1274 2384 rejicienda
1309 2337 1354 2372 ut
1392 2333 1587 2373 absurdis-

389 2423 487 2462 sima
526 2426 564 2462 et
601 2436 625 2462 a
660 2426 744 2462 tota
781 2422 954 2462 oratione
985 2422 1231 2463 alienissima.
1261 2423 1357 2463 Post
1385 2423 1459 2463 οὐδ’
1490 2424 1585 2464 αὐτὸ

386 2516 493 2553 τοῦτο
543 2517 747 2567 exspectas
798 2526 881 2553 rem
922 2526 1040 2566 quam
1083 2513 1247 2566 quisque
1287 2514 1400 2554 facile
1443 2515 1586 2555 intelli-

388 2617 480 2657 gere
519 2608 646 2657 potest
683 2603 893 2643 absurdam
920 2604 983 2643 vel
1012 2603 1217 2643 ridiculam
1248 2617 1355 2656 esse3
1388 2605 1456 2657 qui
1484 2606 1588 2645 enim
