1924 3118
956 315 1002 351 18

377 453 549 490 tollentis
598 465 717 503 quam
760 464 848 490 cum
891 465 936 490 eo
977 451 1080 502 quod
1117 451 1329 505 Dionysius
1366 452 1448 502 ipse
1474 451 1590 489 enixe

384 541 652 593 demonstrare
709 541 838 580 studet
891 541 1078 592 populum
1114 539 1335 578 Remanum
1372 553 1455 579 esse
1496 540 1588 578 civi-

381 636 504 671 tatem
555 632 870 671 illustrissimam.
921 632 967 669 cf.
1017 630 1104 669 Lib.
1148 630 1198 669 V.
1243 644 1274 669 c.
1319 632 1380 669 75.
1422 630 1469 668 de
1510 643 1586 681 quo

380 722 495 760 infra.
539 721 626 760 Hoc
671 734 792 760 unum
829 720 989 760 addam:
1029 724 1072 758 ut
1113 720 1210 758 mihi
1248 720 1404 772 quidem
1433 719 1586 758 videtur

382 812 499 850 Dion.
533 825 583 850 ex
612 812 698 850 aliis
726 812 899 850 fontibus
929 811 1059 849 hausit
1088 823 1206 861 quam
1234 811 1395 860 Livius;
1425 824 1474 849 ne
1501 824 1586 849 ver-

382 900 475 939 bum
518 901 675 951 quidem
713 901 761 939 de
789 913 908 938 manu
937 912 1055 951 quam
1084 899 1238 937 Mucius
1265 900 1348 938 foco
1377 900 1586 951 imposuit,

379 991 483 1041 quod
512 995 647 1029 auctor
676 991 725 1029 ad
754 1003 940 1029 nauseam
971 1002 1094 1040 usque
1123 990 1324 1040 copiosus,
1355 991 1387 1028 si
1414 991 1454 1028 in
1471 991 1585 1028 fonti-

376 1082 451 1121 bus
482 1082 561 1120 suis
589 1082 821 1133 reperisset,
851 1083 985 1133 procul
1014 1081 1131 1120 dubio
1160 1080 1369 1119 lectoribus
1400 1081 1478 1119 suis
1507 1094 1584 1120 non

373 1173 570 1211 tacuisset.

429 1264 527 1301 Levi
556 1276 685 1301 errore
714 1264 863 1302 scribae
892 1264 1007 1315 periit
1033 1264 1267 1315 praepositio
1292 1264 1379 1301 Lib.
1398 1264 1448 1301 V.
1466 1277 1497 1301 c.
1519 1265 1582 1301 67.

378 1354 446 1392 ubi
482 1354 674 1404 legimus:
706 1353 872 1406 (πόλεις)
901 1351 984 1391 ὅσαι
1014 1353 1320 1399 μαλακισθεῖσαι
1349 1353 1409 1391 διὰ
1438 1352 1584 1400 καιρού,ι

377 1456 506 1487 τινας,
538 1442 601 1481 καὶ
634 1447 792 1490 πονηρῶν
822 1443 1131 1489 ἐπιτηδευμάτων
1161 1443 1289 1492 ἀρχὰς
1317 1444 1470 1492 ἐφεῖσαι
1500 1457 1584 1480 πα-

374 1535 603 1580 ρελθεῖν,
655 1532 776 1572 οὐκέτι
823 1535 969 1572 παῦσαι
1014 1558 1061 1564 -
1085 1518 1087 1520 ¹
1108 1534 1210 1572 αὐτοὶ
1253 1533 1409 1580 δύναμιν
1452 1533 1578 1583 ἔσχον.-

375 1622 629 1674 Reponamus
675 1627 943 1671 παρεισελθεῖν
982 1639 1051 1676 pro
1090 1627 1310 1672 παρελθεῖν.
1348 1624 1451 1669 Quid
1478 1626 1582 1664 enim

372 1713 565 1764 siguificat
594 1715 835 1762 παρελθεῖνὲ>
864 1714 952 1754 Nisi
981 1716 1112 1754 fallor:
1126 1714 1489 1766 praeterire,quod
1503 1714 1579 1753 huc

376 1803 474 1841 nihil
500 1805 696 1856 pertinet;
726 1807 993 1853 παρεισελθεῖν
1022 1819 1137 1856 vero,
1170 1807 1361 1857 irrepere,
1394 1806 1467 1844 loci
1495 1818 1580 1843 sen-

372 1895 496 1932 tentia
541 1896 757 1933 necessario
799 1896 962 1947 requirit
1006 1900 1044 1934 et
1096 1910 1120 1934 a
1158 1896 1346 1948 Dionysio
1393 1896 1581 1948 scriptum

377 1989 448 2024 est.
480 1984 629 2029 Quodsi
659 1990 968 2024 ΠΑΡΕΛΘΕΙΝ
995 1991 1034 2025 et
1062 1989 1451 2026 ΠΑΡΕΙΟΕΛΘΕΙΝ
1481 1987 1582 2025 intel·

376 2087 417 2113 se
462 2075 635 2114 conferes
676 2076 870 2127 intelliges
899 2076 1001 2115 unde
1028 2077 1175 2115 sactum
1206 2077 1255 2115 sit
1280 2080 1323 2115 ut
1346 2077 1581 2129 praepositio

377 2168 461 2204 EIC
492 2164 673 2204 excidere
700 2167 885 2217 potuerit.

429 2254 518 2294 Lib.
550 2255 600 2294 V.
631 2269 662 2295 c.
695 2259 755 2295 75.
785 2261 920 2296 auctor
949 2257 1041 2296 dicit
1069 2271 1110 2296 se
1137 2271 1213 2297 non
1238 2259 1395 2298 humilis
1410 2260 1579 2299 civitatis

375 2345 557 2384 instituta
585 2350 624 2384 et
654 2346 759 2385 vitae
783 2347 973 2397 rationes,
997 2361 1123 2400 neque
1138 2348 1366 2400 ignobilium
1380 2349 1581 2390 hominum

378 2436 539 2474 consilia
579 2440 652 2474 aut
689 2449 750 2474 res
786 2440 917 2487 gestas
946 2449 1028 2475 esse
1057 2441 1332 2487 narraturum3
1360 2439 1498 2477 deinde
1525 2441 1582 2477 ita

381 2527 534 2578 pergit:
581 2527 671 2564 ἀλλ’
715 2526 804 2575 ὑπὲρ
848 2534 916 2575 τῆς
954 2525 1077 2566 ἅπασι
1118 2528 1169 2566 τὰ
1211 2530 1316 2568 καλοὶ
1352 2535 1417 2569 καὶ
1453 2530 1580 2570 δίκαια
