1924 3118
972 348 1022 385 24

389 481 590 530 ωρὲῑώσατε
638 477 685 525 ἃς
728 481 915 528 πολλάκις
952 483 1234 531 ἐβαδίσατε
1280 484 1590 532 ἐπιβούλους

388 571 502 616 ὁδούς.
545 572 659 623 Quod
700 574 850 612 codices
891 575 1006 612 dant:
1035 570 1082 618 ἃ,-
1112 579 1295 619 πολλάκις
1327 575 1498 620 ἐμάθετε
1529 576 1589 613 ἐπ’

388 661 527 707 αὐτοὺς
555 661 657 708 ὁδούς
686 665 790 703 omni
819 678 934 704 sensu
961 679 1092 705 carere
1110 666 1195 717 jam
1212 665 1384 706 Sintenis
1402 671 1441 706 et
1457 666 1591 706 Kiess-

387 751 470 804 ling
499 756 605 792 recte
633 759 892 806 monuerunt,
917 768 1082 809 quorum
1107 759 1238 795 tamen
1262 756 1378 795 nimis
1403 755 1591 795 audacem

386 843 650 894 conjecturam
693 844 904 891 ε’βαιδίσαιτε
941 846 1163 892 ἐπιβοιῑλους
1192 846 1293 890 ὃδοι’,·
1322 847 1487 898 probare
1512 860 1590 884 non

388 946 557 985 possum.
602 935 674 973 Est
714 939 872 986 autem,
915 940 959 975 ut
997 937 1093 975 mihi
1122 936 1279 988 quidem
1307 936 1485 986 videtur,
1513 949 1590 975 non

383 1024 540 1064 difficile
566 1026 737 1077 reperire
767 1025 861 1077 quid
889 1025 1136 1064 scribendum
1165 1026 1237 1074 sit,
1263 1038 1389 1077 neque
1416 1038 1512 1077 opus
1528 1029 1586 1063 est

384 1116 511 1155 multa
551 1119 716 1154 mutare.
758 1115 935 1154 Verbum
976 1115 1080 1153 enim
1122 1118 1253 1153 exstat
1292 1114 1589 1153 usitatissimum

386 1207 490 1260 quod
522 1219 612 1246 cum
638 1201 716 1251 ὁδός
746 1205 964 1245 sexcenties
987 1204 1237 1256 conjungitur
1253 1205 1313 1254 (ut
1328 1202 1482 1250 ὀμνύναι
1499 1216 1613 1253 euml

384 1294 503 1347 ὅρκος)
530 1308 670 1348 nempe
697 1293 819 1345 ἰέναι,
849 1294 959 1345 cujus
986 1306 1065 1333 aor.
1095 1297 1311 1332 ΗΛΘΕΤΕ
1338 1293 1463 1345 magis
1491 1293 1588 1332 mihi

384 1386 539 1425 videtur
591 1385 904 1437 appropinquare
956 1384 1006 1422 ad
1056 1385 1256 1422 literarum
1298 1384 1437 1422 duetus
1478 1385 1587 1422 verbi

384 1480 643 1514 ΕΜΑΘΕΤΕ
713 1488 831 1527 quam
885 1474 1219 1525 Kiesslingianum
1276 1478 1585 1515 EBAAICATE.

385 1564 568 1618 Suspicor
619 1565 786 1617 primam
826 1565 980 1603 literam
1020 1568 1050 1602 E
1094 1563 1203 1603 verbi
1240 1564 1379 1603 codicis
1416 1562 1586 1610 ἐμάθετε

382 1656 484 1695 male
511 1659 646 1695 natam
676 1668 760 1694 esse
791 1668 842 1694 ex
870 1655 1010 1693 ultima
1038 1655 1152 1692 litera
1182 1654 1289 1693 verbi
1318 1654 1583 1706 praecedentis

381 1749 602 1797 πολλάκιῦς
617 1750 740 1786 restat
754 1750 978 1785 ΜΑΘΕΤΕ
995 1746 1098 1798 quod
1113 1759 1190 1785 non
1205 1749 1359 1785 tantum
1375 1759 1398 1784 a
1414 1746 1583 1797 genuino

380 1841 596 1876 ΗΛΘΕΤΕ
643 1836 773 1876 differt
802 1840 845 1875 ut
874 1836 1135 1888 negligentiae
1163 1836 1312 1875 scribae
1340 1836 1585 1875 dormitantis

378 1928 575 1980 imputare
599 1941 676 1967 non
694 1928 898 1979 possimus.
915 1927 1067 1978 Injuria
1080 1927 1176 1966 mihi
1190 1926 1370 1965 videntur
1385 1926 1584 1978 Kiessling

381 2021 422 2056 et
462 2017 635 2056 Sintenis
675 2018 736 2055 ἐπ’
777 2017 919 2062 αὐτοὺς
958 2022 1112 2058 mutare
1139 2018 1180 2055 in
1210 2016 1455 2067 ἐπιβούλου;;
1484 2018 1584 2056 nihil

380 2109 484 2147 enim
527 2122 615 2147 eum
657 2108 881 2148 Graecitate
922 2113 1096 2161 pugnat:
1139 2106 1230 2146 ἰέναι
1271 2107 1348 2147 ὁδὸν
1386 2107 1450 2146 ἐπί
1484 2121 1581 2147 τινα.

380 2198 508 2245 Quam
549 2199 813 2251 conjecturam
849 2212 977 2238 meam
1014 2198 1289 2238 Demosthenis
1319 2199 1582 2238 testimonium

380 2290 584 2330 confirmat
625 2304 715 2342 pag.
757 2292 831 2330 701
873 2291 941 2330 ubi
978 2291 1113 2330 eadem
1142 2291 1221 2330 fere
1250 2291 1371 2329 verba
1399 2292 1583 2342 leguntur

379 2394 480 2434 quae
518 2381 634 2421 Dion.
663 2382 863 2434 scripsisse
889 2381 1067 2420 videtur:
1096 2380 1169 2427 ἐγὼ
1199 2379 1245 2424 δ’,
1276 2379 1307 2418 εἰ
1336 2379 1582 2428 κατώρθωσεν

380 2473 515 2518 ἐκεῖνος
545 2466 586 2516 ἢν
615 2471 678 2513 ἐπ’
708 2471 770 2519 ἔμ’
800 2468 919 2516 ἦλθεν
948 2471 1039 2511 ὁδόν.
1070 2470 1149 2510 κτὲ.

431 2563 519 2603 Lib.
549 2563 624 2603 VI.
654 2577 686 2603 e.
719 2565 782 2603 36.
812 2564 1002 2615 legimus:
1033 2561 1267 2611 διῳκίσμεθκ
1296 2562 1373 2611 γὰρ
1400 2564 1447 2608 ὡς
1471 2562 1581 2610 ὅραῖτε
