1924 3118
944 305 994 342 22

368 443 508 481 saltem
535 455 605 493 pro
628 442 763 493 patria
789 442 887 480 mori
915 454 992 480 non
1020 442 1222 491 dubitare,
1251 443 1292 480 τὸ
1322 442 1359 480 δὲ
1391 441 1563 490 ὑμέτερον

368 530 553 580 ἀκμάζον,
584 528 635 574 οἷς
663 530 806 577 ἔξεστιν
830 530 1036 580 ἀμφότεροι
1059 531 1297 580 εῐιτυχήσκσι
1321 532 1389 578 μὲν
1414 535 1507 570 σῶσ
1522 546 1571 570 αι

370 623 437 661 καὶ
478 623 616 661 νικᾶν
655 622 859 671 ἀσφαλῶς,
899 622 929 661 εἰ
966 621 1003 661 δὲ
1041 624 1107 661 καὶ
1144 622 1247 669 μετὰ
1276 625 1340 662 τοῦ
1369 622 1505 671 mcxl
1533 637 1568 661 τι

370 716 541 759 γενναῖον
570 714 636 750 καὶ
666 711 808 751 παθεῖν
837 717 909 752 cet.
940 713 992 752 Et
1020 716 1112 752 ante
1140 714 1270 752 omnia
1296 712 1448 752 offendo
1477 713 1516 752 in
1543 712 1573 750 εἰ

370 804 408 841 δὲ
437 803 524 851 καὶ,
554 805 632 853 (sin
658 805 803 853 minus)
832 805 872 841 in
900 805 970 841 tali
999 805 1102 841 enim
1134 804 1374 854 oppositione
1397 803 1428 840 εἰ
1455 803 1492 840 δὲ
1519 803 1572 847 μὴ

373 895 413 934 in
441 908 516 934 usu
543 908 627 934 esse
654 898 790 934 notum
819 898 889 944 est,
905 893 1008 946 quod
1023 898 1061 933 et
1076 893 1139 933 hic
1153 893 1418 945 reponendum
1436 908 1445 943 ;
1461 894 1579 932 miror

373 984 655 1038 Kiesslingium
696 997 720 1024 a
756 984 966 1038 Sylburgio
1004 984 1224 1024 admonitus
1262 987 1306 1024 ut
1336 987 1577 1024 constantem

375 1075 614 1114 Graecorum
643 1076 961 1114 consuetudinem
985 1080 1211 1127 sequeretur
1235 1076 1408 1127 spuriam
1435 1075 1576 1113 codicis

374 1166 580 1205 lectionem
608 1167 850 1218 praetulisse.
881 1166 993 1211 Quod
1017 1167 1058 1205 in
1073 1167 1208 1206 eadem
1225 1158 1420 1205 sententia
1434 1166 1577 1217 legitur

374 1256 479 1292 νικᾶν
531 1257 726 1305 ἀσφαλῶς
766 1269 981 1308 nusquam,
1024 1261 1215 1309 quantum
1257 1257 1443 1307 memini,
1485 1257 1579 1296 alibi

375 1346 503 1386 adhue
526 1347 753 1386 inveneram
776 1360 903 1400 neque
926 1348 1031 1400 apud
1054 1348 1170 1387 Dion.
1195 1361 1321 1400 neque
1338 1347 1442 1399 apud
1457 1347 1580 1386 ullum

377 1440 602 1488 auctorem3
631 1438 882 1477 vehementer
911 1438 1045 1477 dubito
1074 1452 1124 1477 an
1148 1438 1338 1487 ἀσφαλῶς
1363 1451 1451 1477 cum
1476 1438 1580 1475 νικᾶν
1612 1461 1614 1465 >

378 1540 456 1566 non
500 1529 731 1579 conveniat,
768 1530 954 1568 victoriae
989 1530 1092 1568 enim
1133 1542 1210 1568 non
1239 1530 1363 1568 solent
1391 1529 1582 1579 reportari

379 1617 462 1658 sine
491 1618 685 1670 periculis.
716 1618 840 1658 Recte
869 1618 1025 1671 quidem
1048 1619 1190 1658 dicitur
1214 1617 1277 1667 ζῆν
1292 1618 1486 1667 aerumna,-
1503 1633 1580 1659 non

381 1712 539 1758 tamen,
582 1712 626 1747 ut
668 1708 828 1760 opinor,
868 1711 972 1746 νικᾶν
1003 1708 1218 1756 οὶσφκλῶςς
1253 1708 1320 1748 sed
1349 1709 1446 1748 nihil
1474 1713 1582 1749 muto

380 1800 544 1839 acutiori
581 1800 738 1852 ingenio
776 1800 999 1852 relinquens
1036 1801 1077 1838 in
1105 1800 1211 1839 hisce
1239 1801 1410 1840 tenebris
1439 1802 1584 1840 claram

382 1893 509 1932 lucem
543 1891 763 1931 accendere.
804 1891 944 1943 Neque
979 1891 1075 1930 mihi
1113 1892 1266 1943 placere
1303 1895 1430 1943 potest
1459 1895 1580 1929 σῶσαι

381 1983 521 2033 (vitam
563 1984 735 2032 servare)
777 1970 980 2021 informa
1003 1982 1132 2020 activa
1155 1982 1223 2020 ubi
1254 1982 1469 2021 necessario
1499 1996 1585 2034 pas-

382 2073 466 2113 siva
520 2073 755 2124 requiritur;
811 2072 1005 2111 substituo
1055 2073 1177 2123 igitur
1214 2085 1303 2110 cum
1346 2073 1587 2112 Buechelero

383 2163 550 2210 σωθῆναι
583 2164 686 2217 quod
701 2194 711 2214 ,
740 2164 814 2203 etsi
844 2164 969 2215 magis
993 2177 1017 2202 a
1031 2163 1208 2202 codicum
1223 2163 1417 2215 scriptura
1430 2163 1585 2202 differat

384 2269 503 2310 quam
531 2255 628 2308 perf.
657 2253 853 2294 σεσῶσθαι
885 2254 988 2307 quod
1019 2253 1190 2293 Sintenis
1218 2256 1257 2292 et
1285 2252 1485 2305 Kiessling
1500 2266 1588 2305 pro-

383 2350 559 2400 ponunt,
586 2350 721 2385 tamen
749 2345 1047 2398 praeferendum
1075 2357 1213 2383 censeo
1240 2348 1398 2396 propter
1422 2357 1588 2395 sequens

387 2451 467 2478 aor.
498 2434 654 2477 παθεῖν.

440 2528 529 2568 Lib.
567 2528 641 2567 VI.
671 2542 703 2568 c.
738 2530 798 2567 12.
827 2527 915 2566 Hoc
943 2527 1095 2566 editur:
1132 2528 1167 2564 ἐν
1196 2525 1315 2574 τσύτῳ
1343 2526 1393 2574 τῷ
1422 2526 1543 2573 ἀγῶνι
1573 2525 1588 2563 o‘
