1924 3118
978 353 1027 389 66

394 505 464 544 pro
509 491 646 540 ἄνδρας
689 490 892 538 αγαὲούςς
936 504 1015 542 qua
1044 490 1194 529 ratione
1222 488 1374 528 dicendi
1403 487 1600 526 Homerus

394 584 550 634 saepius
578 584 728 632 utitur,
758 588 803 621 ut
833 582 946 620 Iliad.
977 566 1056 619 III.
1092 583 1178 619 105.

440 672 584 719 ’Άξετε
614 673 651 711 δὲ
681 676 918 721 Πριάμοιο
947 671 1084 718 βίην,
1114 669 1197 719 ὄφρ’
1224 666 1328 717 ὅρκια
1358 667 1486 720 τοὶμνῃ
1518 667 1597 720 κτὲ.

395 764 507 802 Iliad.
552 764 625 802 IX.
670 766 759 802 351.
803 762 935 807 σθένος
976 764 1166 809 Ἕκτορος.
1207 760 1347 812 Odyss.
1378 759 1475 798 VII.
1509 761 1596 798 167.

393 855 484 902 ἱερὸν
513 853 621 900 μένος
653 853 865 906 Ἀλκινόοιο.

446 946 533 985 Lib.
564 946 596 985 Ι.
629 959 660 985 0.
691 948 754 985 33.
787 944 916 985 πολλοὶ
947 944 984 983 δὲ
1016 946 1081 982 καὶ
1110 946 1219 981 ἄλλα
1245 966 1295 971 -
1320 940 1471 990 βρέτη
1502 944 1599 982 ,θεῶν

391 1035 653 1076 καθιώσωσαν,
686 1036 802 1084 βρέτη
831 1039 928 1076 ,θεῶν
959 1040 1016 1075 est
1050 1035 1316 1087 Tragioorum.

442 1129 529 1168 Lib.
568 1129 601 1167 I.
641 1142 673 1167 ο.
703 1130 765 1167 38.
798 1126 990 1175 Ἡρακλέα
1020 1126 1056 1164 δὲ
1088 1149 1137 1154 --—
1168 1124 1440 1173 κατάρξασθαι
1469 1122 1596 1171 θυμοὶ-

391 1232 462 1256 των
487 1218 632 1266 azymae,
661 1218 724 1256 ἐπὶ
752 1217 906 1266 καθαρῷ
934 1219 1020 1265 πυρὶ
1051 1215 1373 1264 ἁγιζομένων.
1404 1215 1600 1254 Ultimum

390 1309 554 1348 verbum
597 1310 786 1348 usitatum
827 1313 885 1347 est
932 1308 1104 1347 Pindaro
1128 1311 1167 1346 et
1195 1307 1371 1358 Tragieis
1400 1319 1478 1344 non
1507 1317 1598 1343 vero

391 1400 550 1439 Atticis.
583 1399 868 1451 Aristophanes
897 1399 1015 1438 semel
1043 1398 1195 1450 lepide,
1226 1398 1332 1437 Plut.
1365 1399 1454 1437 681.

446 1489 581 1528 ἔπειτα
612 1489 728 1528 ταῦθ’
760 1490 955 1542 (πόπανα)
985 1487 1110 1538 ἥγιζεν
1139 1491 1193 1533 εἷς
1220 1491 1367 1527 σάκταν
1395 1491 1490 1527 τινά.

391 1583 498 1622 Usus
539 1587 671 1622 tamen
711 1582 874 1633 hujusce
905 1582 1015 1621 verbi
1046 1581 1151 1633 apud
1178 1581 1358 1633 antiquos
1386 1583 1425 1620 et
1451 1580 1597 1631 Diony-

392 1675 493 1713 sium
531 1686 608 1712 non
638 1685 796 1724 prorsus
823 1672 926 1710 idem
955 1671 1136 1721 videtui-3
1166 1671 1317 1722 antiqui
1345 1670 1449 1709 enim
1476 1668 1595 1708 verbo

391 1764 538 1812 αγίζειν
568 1767 735 1803 utuntur
769 1763 816 1802 de
846 1776 915 1801 ara
941 1762 1212 1812 consecranda,
1235 1762 1282 1800 cf.
1302 1761 1417 1799 Pind.
1437 1760 1595 1812 Olymp.

394 1855 474 1894 III.
520 1857 582 1894 34.
625 1855 742 1901 πατρὶ
778 1853 847 1900 μὲν
871 1852 1010 1899 βωμῶν
1038 1850 1275 1899 οὶγιοεθέντων
1302 1850 1381 1890 κτὲ.
1411 1854 1449 1890 et
1479 1849 1597 1902 Soph.

389 1947 485 1985 Oed.
518 1946 599 1985 Col.
633 1947 747 1984 1495.
776 1943 963 1990 βούθυτον
993 1943 1121 1982 ἑστίαν
1153 1942 1318 1991 οὶγίζων;
1350 1945 1481 1980 noster
1505 1953 1597 1978 vero

391 2037 438 2076 de
466 2037 594 2076 hostia
620 2034 869 2074 immolanda.
894 2034 996 2073 Vide
1022 2035 1140 2074 etiam
1164 2035 1252 2074 Lib.
1268 2034 1301 2073 Ι.
1317 2047 1349 2073 c.
1367 2035 1429 2072 57.
1444 2031 1596 2075 Αἴνείας

385 2127 453 2172 τῆς
484 2126 544 2172 ὑὸς
572 2127 635 2165 τὸν
664 2125 770 2165 τόκον
804 2124 928 2174 ἁγίζει
959 2125 1074 2171 θεοῖς.

446 2218 533 2257 Lib.
574 2217 606 2256 I.
637 2231 669 2256 c.
702 2218 766 2255 40.
798 2212 837 2259 ἧς
868 2215 1027 2269 (χώρας)
1064 2214 1198 2262 μέγα
1236 2215 1420 2254 ἐποιοῦντο
1448 2216 1594 2262 ἄρχειν,

390 2310 416 2347 i.
446 2321 480 2347 e.
522 2308 655 2360 magni
692 2307 914 2357 faciebant3
951 2307 1084 2346 eodem
1113 2306 1227 2346 modo
1256 2284 1595 2345 HerodotusLib.

392 2399 512 2438 VIII.
555 2412 586 2437 c.
632 2400 666 2438 3.
698 2396 807 2444 μέγα
837 2396 1077 2444 πεποιημένοι
1107 2400 1285 2444 περιεῖναι
1314 2398 1382 2444 τὴν
1409 2393 1595 2432 Ἐλλάδα.

390 2489 586 2528 Usitatius
615 2489 655 2526 in
684 2488 754 2526 tali
783 2500 825 2526 re
853 2486 933 2534 περὶ
965 2491 1106 2526 πολλοῦ
1137 2485 1342 2526 ποιεῖσθαι.

444 2579 532 2618 Lib.
562 2579 595 2618 Ι.
626 2593 658 2618 e.
693 2582 755 2619 55.
786 2578 995 2625 λιβάδες
1024 2579 1234 2625 αὐτόματοι
1260 2575 1430 2624 νάματος
1445 2574 1593 2620 ἡδίστου
