1924 3118
958 324 1009 361 38

431 457 638 497 Emblema
679 460 893 498 tollendum
936 473 1019 498 esse
1063 473 1199 498 censeo
1231 461 1319 498 Lib.
1350 461 1425 499 IX.
1455 474 1487 499 c.
1519 464 1583 499 22.

375 549 617 588 Memoratur
646 564 763 602 quam
778 551 990 590 absurdum
1006 552 1055 589 sit
1072 555 1231 602 putare,
1249 553 1433 590 trecentis
1449 552 1582 590 Fabiis

374 640 424 679 ad
454 640 678 680 Cremeram
706 642 861 692 occisis,
893 655 1014 680 unum
1042 646 1197 680 tantum
1226 655 1390 694 puerum
1420 656 1472 682 ex
1500 647 1583 682 tota

373 734 490 782 gente
519 731 781 783 superfuisse3
809 732 915 770 haud
943 733 1046 770 enim
1077 733 1159 770 veri
1188 733 1313 771 simile
1343 746 1426 771 esse
1450 745 1583 771 omnes

374 821 460 859 illos
488 821 630 860 Fabios
659 823 777 860 fuisse
806 822 888 861 sine
910 822 1041 861 liberis
1057 826 1096 860 et
1112 822 1277 860 coelibes
1295 853 1304 871 ‚
1321 824 1449 861 minus
1464 824 1582 861 etiam

374 912 575 965 probabile
609 913 708 951 nulli
737 912 949 952 Fabiorum
979 913 1097 952 fuisse
1124 914 1285 952 fratrem
1312 914 1580 966 impuberem,

373 1017 445 1042 nec
475 1008 606 1055 patres
636 1005 676 1041 in
703 1008 814 1042 tanta
829 1017 922 1042 suae
937 1005 1064 1054 gentis
1084 1004 1251 1042 orbitate
1268 1005 1364 1042 alios
1381 1005 1480 1042 filios
1496 1018 1582 1056 pro-

373 1099 570 1134 creaturos
602 1096 731 1135 fuisse.
758 1095 861 1140 Quid
885 1097 1091 1147 sequitur?
1110 1096 1141 1133 εἷ
1157 1096 1210 1141 μὴ
1227 1094 1300 1142 &px
1317 1120 1366 1124 —-
1384 1099 1513 1133 mina-x
1530 1119 1577 1124 —

374 1185 427 1230 εἷς
469 1184 588 1225 ταύτὸ
618 1184 803 1235 συνῆλθεν
837 1187 899 1224 ἐπὶ
929 1185 1000 1224 τῶν
1030 1182 1071 1232 ἕξ
1099 1188 1165 1224 xxi
1195 1186 1409 1233 τριακοσίων
1439 1185 1580 1234 ἀνδρῶν

375 1275 519 1314 ἐκείνων
548 1280 675 1312 ταῦτα
699 1275 751 1312 τοὶ
776 1275 962 1313 ἀδύνατα·
993 1279 1056 1324 μὴ
1087 1276 1273 1320 παῖδας
1301 1276 1476 1320 αὐτοῖς
1504 1290 1578 1313 κα-

376 1366 749 1415 ταλειφθῆναι,
781 1367 884 1419 quod
912 1367 1025 1406 modo
1049 1367 1215 1416 dixerat,
1239 1369 1302 1414 μὴ
1330 1371 1579 1411 *samaraeum-

375 1457 611 1504 ἐγκύους,
643 1457 745 1496 idem
774 1462 1049 1509 argumentum
1073 1458 1156 1508 jam
1185 1471 1304 1509 supra
1331 1458 1582 1506 memoravit,

374 1549 436 1595 μὴ
459 1548 717 1597 ἀδελφοὺς
745 1548 976 1596 ἀνήβους,
1006 1547 1069 1594 μὴ
1100 1547 1320 1595 πατέρκ,-
1351 1548 1394 1584 ἐν
1420 1547 1576 1596 ἀκμῇ,

377 1654 477 1692 quae
518 1640 656 1679 iisdem
699 1641 779 1678 fere
822 1640 950 1678 verbis
978 1641 1062 1690 jam
1089 1639 1336 1677 antecedunt.
1367 1639 1578 1690 Dionysius

372 1732 551 1784 quamvis
578 1732 765 1770 verbosus
792 1745 870 1770 non
898 1732 939 1770 in
968 1736 1121 1771 tantum
1146 1732 1285 1770 vitium
1309 1731 1436 1769 delabi
1451 1733 1578 1783 potuit

373 1827 417 1862 ut
460 1823 596 1862 eadem
637 1823 774 1862 iisdem
816 1823 897 1862 fere
938 1823 1067 1862 verbis
1094 1837 1187 1862 mox
1213 1828 1429 1875 repeteret;
1460 1837 1580 1875 quare

372 1918 507 1952 auctor
558 1927 645 1952 sum
696 1919 740 1952 ut
791 1917 845 1962 μὴ
898 1913 1043 1957 παῖδας
1094 1913 1222 1958 αὐτοῖς
1265 1916 1577 1962 καταλειφθῆναι

373 2018 496 2057 usque
544 2004 594 2043 ad
645 2003 814 2051 πκτέρικς
869 2003 905 2040 ἐν
955 2003 1062 2051 ἀκμῇ
1113 2003 1423 2042 additamentum
1464 2008 1578 2055 putes

373 2097 496 2149 quod,
525 2109 646 2148 quum
674 2096 714 2134 in
743 2095 919 2146 margine
948 2098 1179 2133 annotatum
1209 2099 1331 2144 esset,
1360 2095 1401 2132 in
1425 2099 1579 2133 textum

373 2189 584 2241 irrepserit.
630 2187 795 2227 Molesto
836 2186 1070 2226 emblemate
1112 2185 1266 2224 sublato
1310 2186 1440 2225 omnia
1484 2186 1579 2225 bene

374 2279 600 2331 procedunt.

424 2369 512 2409 Lib.
556 2369 631 2409 IX.
675 2383 706 2408 e.
731 2371 814 2408 25.
860 2370 925 2407 καὶ
965 2368 1028 2407 τὸν
1071 2367 1204 2421 (σῖτον)
1244 2368 1280 2406 ἐν
1330 2373 1417 2414 ταῖς
1446 2369 1578 2415 obelus,-

374 2459 515 2507 ἔταξαν
554 2462 606 2506 εἷς
642 2461 685 2501 τὸ
713 2460 887 2508 δημόσιον
915 2459 1116 2509 ἀναφέρειν
1146 2459 1232 2505 τοὺς
1260 2460 1312 2505 εἷς
1340 2461 1402 2500 τὸν
1433 2461 1578 2499 ἑαυτῶν

373 2552 456 2599 βίον
498 2553 655 2592 πλείονα
697 2556 761 2592 τοῦ
787 2553 938 2601 μετρίου
977 2566 1006 2589 π·
1018 2565 1070 2600 xp
1084 2566 1108 2590 x
1119 2554 1149 2592 3
1159 2566 1175 2589 ε
1189 2566 1219 2598 μ
1232 2551 1247 2591 ε’
1260 2566 1276 2589 ν
1290 2566 1305 2591 o
1318 2566 1337 2590 υ
1350 2566 1382 2594 ς.
1424 2553 1578 2592 Dubius
