1924 3118
865 357 914 392 33

283 491 584 541 τολμηροτάτους
601 491 839 531 reddendum
852 504 937 530 esse
948 504 957 542 3
974 491 1078 543 quod
1091 490 1324 531 vocabulum
1337 491 1483 544 optime

283 584 463 622 convenit
508 595 596 621 cum
636 582 689 620 iis·
726 594 827 633 quae
870 585 1110 633 sequuntur:
1140 585 1206 619 καὶ
1234 581 1338 620 κατὰ
1368 584 1483 630 χεῖροο

283 676 568 721 γενναιοτάτου,-
608 673 635 712 ἰ.
678 685 712 730 e.
750 685 871 711 manu
898 671 1138 711 fortissimos.
1164 672 1325 712 Collatis
1353 676 1485 712 autem

285 764 387 804 inter
404 777 488 803 sese
496 764 939 802 TIONHPOTATOTC
952 765 991 801 et
1006 765 1487 803 TOAMHPOTATOTC

284 855 457 904 videbis,
487 855 644 906 opinor,
674 854 758 892 fieri
788 853 960 904 potuisse
975 857 1019 891 ut
1034 853 1161 891 scriba
1177 853 1379 904 negligens
1392 852 1488 891 haec

283 946 474 986 vocabula
503 946 606 984 inter
638 958 679 984 se
707 943 973 983 confunderet.

343 1035 430 1074 Lib.
462 1034 561 1074 VII.
591 1047 623 1073 c.
657 1034 718 1073 17.
746 1033 786 1072 οὐ
811 1036 886 1082 μὴν
901 1028 1030 1072 ἅπασί
1043 1046 1091 1079 γε
1108 1032 1303 1081 εῗσῄεικοοὶ
1318 1035 1493 1079 μάλιστα

291 1130 369 1170 τοῖς
413 1124 675 1173 πρεσβυτέροις
716 1123 955 1173 ὀλιγωρία
998 1125 1063 1162 τοῦ
1098 1127 1351 1171 πράγματος,
1382 1123 1490 1162 ἀλλὰ

296 1216 515 1265 προσέχειν,
556 1216 610 1263 μή
639 1230 675 1254 τι
703 1214 907 1260 ἀνήκεστον
936 1215 958 1260 ἦ
988 1220 1053 1254 τοῦ
1082 1214 1211 1263 ἀνδρὸς
1242 1214 1494 1263 ἐξεργάσηται

290 1306 429 1354 μανίαι.
472 1307 566 1346 Noli
602 1310 742 1359 putare
768 1319 924 1346 sensum
951 1310 1034 1345 tam
1060 1305 1291 1358 languidum
1319 1319 1344 1345 a
1371 1318 1491 1345 manu

291 1397 470 1449 Dionysii
498 1396 688 1447 proficisci
715 1396 908 1448 potuisse3
937 1408 1016 1434 non
1045 1396 1142 1434 solet
1167 1399 1298 1435 noster
1312 1395 1492 1435 substan-

291 1489 375 1526 tiva'
417 1491 456 1525 et
485 1487 606 1526 verba
632 1491 715 1526 tam
743 1500 863 1539 prave
891 1488 1140 1538 conjungere.
1172 1487 1346 1537 Conjicio
1374 1487 1495 1538 igitur

292 1581 363 1617 aut
406 1577 678 1629 corrigendum
718 1590 804 1617 esse
846 1576 1044 1627 προσέχειν
1083 1578 1126 1617 in
1153 1582 1374 1626 προσεῖχον,
1403 1581 1494 1627 aut,

294 1668 398 1721 quod
439 1668 595 1719 malim,
627 1667 808 1717 ὀλιγωρία
837 1669 878 1708 in
905 1669 1097 1717 ὀλιγωρεῖν
1126 1672 1171 1708 ut
1199 1681 1288 1708 cum
1318 1641 1495 1722 sequenti

291 1733 488 1806 προσέξειν
514 1758 564 1797 ad
591 1758 823 1797 antecedens
850 1758 966 1807 εἰσῄει
995 1762 1102 1797 recte
1129 1759 1334 1797 referatur.

344 1847 488 1886 Atticis
529 1848 569 1886 in
597 1861 670 1886 usu
697 1852 756 1887 est
786 1848 949 1887 verbum
976 1846 1191 1897 ἀνέχεσθαι
1221 1862 1311 1887 cum
1334 1861 1493 1889 accusa-

295 1937 375 1976 tivo
403 1936 638 1975 substantivi
665 1938 912 1990 conjungere.
936 1951 973 1977 v,
1006 1951 1038 1977 c.
1055 1937 1157 1977 Xen.
1174 1937 1304 1977 Anah.
1320 1937 1354 1977 I.
1369 1937 1491 1978 VIII.

299 2029 360 2065 11.
393 2021 409 2065 ὃ
443 2026 568 2074 μέντοι
597 2032 710 2076 Κῦρος
733 2025 836 2066 εἶπεν
864 2051 915 2057 --
939 2031 1006 2076 τὴν
1020 2031 1189 2077 κραυγὴν
1203 2031 1278 2066 τῶν
1291 2028 1496 2078 βαρβάρων

294 2116 533 2167 ἀνέχεσθαι,
578 2119 751 2167 ἐψεύσθη
794 2123 915 2159 τοῦτο.
958 2118 1169 2172 Dionysius
1201 2133 1293 2159 vero
1320 2120 1495 2171 genitivo

293 2209 418 2247 utitur
447 2208 535 2248 Lib.
565 2209 662 2248 VII.
691 2223 724 2249 c.
756 2211 820 2249 38.
849 2210 915 2249 οὐκ
942 2210 1112 2259 ἠνείχετο
1136 2212 1212 2248 τῶν
1235 2209 1371 2256 λόγων.
1385 2210 1497 2264 Nihil

296 2303 429 2339 tamen
471 2303 603 2350 muto3
645 2304 800 2340 secutus
842 2304 901 2340 est
942 2305 1095 2351 noster,
1138 2304 1183 2340 ut
1218 2300 1314 2340 mihi
1340 2300 1497 2353 quidem

296 2390 477 2440 videtur,
508 2392 734 2443 exemplum
759 2391 924 2431 Homeri
952 2391 1092 2445 Odyss.
1118 2391 1259 2430 XXII.
1290 2393 1389 2431 423:

419 2505 469 2510 ——
500 2481 574 2526 τὰς
603 2482 673 2528 μέν
699 2484 738 2520 τ’
768 2481 862 2530 ἔργα
888 2481 1093 2529 διδάξαμεν
1119 2481 1377 2531 ἐργάζεσθαι,

437 2570 533 2621 ε’ίριοί
562 2586 605 2611 τε
635 2571 774 2619 ξαίνειν
802 2574 868 2618 καὶ
897 2571 1115 2617 δουλοσύνης
1142 2571 1370 2622 ἀνέχεσθαι.

1370 2665 1396 2711 3
