1924 3118
928 330 978 368 28

351 463 494 503 milites
531 477 620 503 suos
658 464 833 505 dimittit.
864 466 982 507 Plebs
1011 481 1103 507 vero
1134 469 1235 507 irata
1263 467 1367 519 quod
1395 470 1554 507 senatus

350 567 427 592 non
481 559 698 606 praestaret
747 569 793 594 ea
848 570 947 608 quae
998 557 1162 597 dictator
1192 558 1408 610 ‚pollicitus
1451 561 1551 596 esset

351 646 511 684 consilia
561 647 711 697 agitare
759 648 886 705 coepit
937 648 985 686 de
1035 648 1252 687 defectione
1315 662 1338 687 a
1378 648 1557 700 *patriciis

354 735 552 786 facienda3
581 736 600 780 ἦ
630 735 667 774 δὲ
694 735 815 783 βουλὴ
846 738 999 775 κωλύειν
1027 736 1261 784 δικνοουμένη
1289 741 1367 782 τοῖς
1397 735 1555 782 ὑπάτοις

356 823 521 872 ἐπέταξε
548 826 662 872 μήπω
691 828 794 865 Metu
821 826 873 865 ταὶ
899 826 1201 875 στρατεύμκτκ,
1227 829 1298 866 τῶν
1322 827 1398 876 γὰρ
1416 827 1553 876 ἱερῶν

357 916 573 963 ταγμάτων
601 916 655 955 ἔτι
684 920 802 965 κύριος
831 915 871 962 ἦν
894 922 972 963 τοῖς
986 923 1268 966 στρατιωτικοῖς
1283 916 1396 966 ὅρκοις
1412 932 1557 966 mci-etp-

357 1006 524 1054 γομένων
566 1011 631 1046 καὶ
672 1009 789 1053 οὐδεὶ,ι
829 1008 1115 1049 οὶπολείπεσὲοιι
1155 1011 1226 1048 τῶν
1255 1008 1416 1056 σημείων
1447 1008 1558 1056 ἦξίου’

357 1099 530 1137 τοσοῦτον
571 1097 728 1147 ἴσχυσεν
762 1100 778 1137 o‘
807 1102 878 1137 τῶν
907 1096 1017 1147 ὅρκων
1045 1099 1082 1138 ἐν
1111 1098 1265 1150 ἑκάστῳ
1291 1099 1427 1148 φόβος.
1461 1099 1559 1138 Jure

360 1190 420 1228 vir
470 1189 570 1228 doct.
615 1189 760 1229 Garrer
802 1191 1009 1230 molestum
1054 1190 1158 1239 ἱερῶν
1200 1190 1304 1243 quod
1346 1190 1460 1229 nihili
1502 1194 1562 1230 est
1613 1226 1628 1236 s

356 1280 610 1331 rejiciendum
651 1284 777 1332 putat.
820 1280 910 1320 Non
952 1284 1084 1320 tamen
1126 1294 1216 1320 eum
1261 1281 1372 1333 sequi
1403 1294 1562 1333 possum

360 1371 488 1409 locum
525 1371 752 1410 mendosum
793 1372 850 1411 ita
890 1372 1096 1411 emendare
1124 1375 1350 1411 conantem:
1379 1372 1455 1409 τῶν
1485 1370 1561 1419 γὰρ

360 1460 452 1500 δέκκ
479 1460 696 1508 ταγμάτων
725 1459 779 1499 ἔτι
807 1462 916 1509 κύριοι
947 1457 1055 1506 ἦσαν.
1081 1462 1412 1514 Kiesslingianam
1427 1464 1562 1501 contra

362 1554 670 1592 emendationem
710 1567 788 1592 non
830 1566 988 1605 possum
1029 1566 1107 1592 non
1149 1553 1333 1611 probare:
1374 1554 1449 1590 τῶν
1484 1551 1561 1599 γὰρ

360 1647 465 1693 τριῶν
507 1644 724 1691 ταγμάτων
767 1644 938 1693 ἑκάτερος
980 1643 1034 1682 ἔτι
1078 1643 1197 1693 κύριος
1237 1640 1291 1688 ἦν.
1339 1644 1419 1683 Pro
1459 1642 1559 1691 ἱερῶν

361 1738 491 1789 posuit
527 1738 658 1784 τριῶν,
689 1749 760 1775 nee
789 1750 881 1775 sane
910 1737 1005 1775 haec
1034 1736 1154 1775 verba
1182 1736 1352 1774 multum
1380 1734 1564 1773 differunt

362 1828 505 1879 literis3
535 1827 672 1868 deinde
701 1830 991 1871 EKATEPOC,
1024 1826 1127 1879 quod
1153 1825 1400 1866 inserendum
1429 1827 1564 1878 putat,

360 1923 518 1972 propter
547 1931 711 1971 sequens
738 1921 1017 1958 ETIKTPIOC
1041 1932 1065 1957 a
1080 1917 1207 1957 scriba
1220 1903 1434 1969 negligenti
1450 1915 1563 1954 facile

358 2012 486 2050 omitti
514 2013 653 2063 potuit.
685 2012 937 2062 conscriptae
965 2023 1106 2061 nempe
1135 2013 1267 2059 erant,
1286 2012 1331 2047 ut
1347 2008 1562 2059 Dionysius

360 2104 443 2154 ipse
483 2116 553 2141 nos
594 2103 727 2153 docet,
770 2104 872 2154 (cap.
912 2103 980 2152 42)
1009 2101 1142 2140 decem
1170 2101 1364 2152 legiones,
1395 2111 1562 2151 quarum

361 2197 525 2246 uterque
553 2193 756 2232 consulum
784 2196 916 2232 ternas
943 2195 1165 2244 acceperat,
1196 2194 1364 2243 quatuor
1391 2189 1563 2242 reliquas

361 2284 444 2336 ipse
484 2284 649 2322 dictator
690 2282 868 2321 ducebat.
912 2282 992 2319 Sex
1028 2282 1199 2332 legiones
1227 2281 1348 2332 igitur
1375 2281 1416 2317 in
1445 2279 1565 2318 verba

364 2376 567 2414 consulum
589 2375 843 2425 juraverant,
872 2376 1039 2425 quatuor
1067 2375 1202 2411 contra
1230 2372 1271 2410 in
1299 2370 1421 2410 verba
1445 2369 1566 2409 diota-

365 2467 472 2507 toris.
517 2466 648 2512 Quum
684 2469 817 2506 autem
855 2468 1013 2505 senatus
1041 2463 1265 2504 consulibus
1292 2461 1496 2503 mandaret
1523 2465 1568 2501 ut

364 2558 538 2597 nondum
566 2558 762 2596 exercitus
777 2556 1017 2594 dimitterent
1033 2555 1080 2593 de
1096 2568 1164 2593 sex
1182 2559 1336 2594 tantum
1351 2553 1568 2605 legionibus
