1924 3118
955 320 1004 358 74

939 456 1036 495 III.

431 597 532 636 Ibid.
576 611 607 636 c.
656 599 714 636 10.
759 596 897 648 Neque
925 597 1027 636 enim
1058 610 1151 636 suae
1179 597 1304 636 solam
1333 611 1357 636 a
1386 610 1584 649 quoquam

375 688 568 727 auxilium
596 688 708 740 petiit
739 687 888 725 salutis.
919 686 1219 726 Emendandum
1245 686 1422 726 videtur:
1449 688 1584 727 solius.

940 838 1026 877 1v.
1077 887 1080 889 ,

425 979 505 1018 Cic.
535 991 605 1030 pro
634 978 794 1016 Plancio
823 978 984 1016 XVIII.
1011 979 1111 1028 §45
1129 978 1356 1018 Deeuriatio
1372 979 1578 1018 tribulium

375 1069 585 1120 descriptio
628 1069 783 1120 populi,
814 1068 1000 1119 suffragia
1028 1069 1235 1120 largitione
1262 1069 1443 1108 devincta
1474 1083 1582 1109 seve-

371 1161 529 1199 ritatem
560 1159 727 1198 Senatus
757 1163 796 1197 et
825 1159 1016 1198 bonorum
1044 1160 1217 1199 omnium
1247 1161 1323 1198 vim
1348 1173 1392 1199 ac
1408 1159 1579 1199 dolorem

374 1252 610 1291 excitarunt.
641 1251 828 1303 Repone:
861 1252 973 1290 iram.

949 1403 1000 1443 V.

429 1541 509 1581 Cic.
542 1542 589 1581 de
618 1542 807 1594 Finibus,
837 1542 909 1583 IV.
939 1545 998 1582 15.
1024 1544 1045 1593 ξ
1069 1544 1132 1582 40.
1158 1542 1320 1582 Atenim
1340 1542 1462 1594 [nam]
1482 1542 1574 1581 dici-

374 1634 424 1672 tis
463 1634 651 1673 virtutem
680 1647 757 1672 non
778 1647 890 1686 posse
918 1635 1134 1683 constitui,
1165 1634 1197 1672 si
1227 1646 1296 1681 ea,
1330 1646 1430 1685 quae
1457 1636 1575 1672 extra

371 1726 560 1765 virtutem
590 1726 693 1775 sint,
722 1725 772 1764 ad
799 1726 913 1764 beate
940 1725 1154 1764 vivendum
1170 1725 1403 1776 pertineant.
1421 1724 1574 1776 Legen-

372 1815 466 1856 dum
492 1816 570 1856 vid.
599 1817 725 1869 ipsam
753 1815 881 1855 dicitis
909 1829 988 1868 eqS.

935 1955 1017 1994 VI.

423 2094 502 2134 Cic.
532 2095 689 2134 Tuscul.
720 2095 830 2147 Disp.
863 2095 914 2134 V.
945 2097 1007 2134 38.
1038 2096 1059 2144 ξ
1091 2096 1178 2133 112.
1206 2094 1357 2133 videbat
1374 2094 1415 2132 in
1433 2093 1569 2133 literis.

368 2184 474 2237 Lege
492 2199 499 2223 ε
531 2185 702 2224 vivebat.

911 2324 949 2362 V
962 2323 981 2361 Ι
994 2324 1026 2362 Ι.

419 2462 555 2501 Livius
594 2462 751 2501 XXIV.
794 2475 825 2501 e.
861 2464 921 2500 10.
950 2462 1001 2500 Et
1029 2462 1275 2514 praetoribus
1304 2463 1443 2514 prioris
1472 2463 1567 2501 anni

363 2567 432 2610 pro
461 2557 640 2609 praetore
669 2553 714 2599 Q.
741 2553 894 2593 Mucius
908 2553 1101 2592 obtineret
1121 2553 1356 2604 Sardiniam,
1375 2553 1430 2593 M.
1454 2553 1572 2593 Vale·
