<?xml version="1.0" encoding="UTF-8"?>
<!DOCTYPE html PUBLIC "-//W3C//DTD XHTML 1.0 Transitional//EN"
    "http://www.w3.org/TR/xhtml1/DTD/xhtml1-transitional.dtd">
<html xmlns="http://www.w3.org/1999/xhtml" xml:lang="en" lang="en">
 <head>
  <title>
</title>
<meta http-equiv="Content-Type" content="text/html;charset=utf-8" />
  <meta name='ocr-system' content='tesseract 3.04.00' />
  <meta name='ocr-capabilities' content='ocr_page ocr_carea ocr_par ocr_line ocrx_word'/>
</head>
<body>
  <div class='ocr_page' id='page_1' title='image "4737901_0043.png"; bbox 0 0 1924 3118; ppageno 0'>
   <div class='ocr_carea' id='block_1_1' title="bbox 926 346 975 384">
    <p class='ocr_par' dir='ltr' id='par_1_1' title="bbox 926 346 975 384">
     <span class='ocr_line' id='line_1_1' title="bbox 926 346 975 384; baseline 0 0"><span class='ocrx_word' id='word_1_1' title='bbox 926 346 975 384; x_wconf 78' lang='lat'><strong>27</strong></span> 
     </span>
    </p>
   </div>
   <div class='ocr_carea' id='block_1_2' title="bbox 290 481 1578 2522">
    <p class='ocr_par' dir='ltr' id='par_1_2' title="bbox 290 481 1578 2329">
     <span class='ocr_line' id='line_1_2' title="bbox 341 481 1536 538; baseline -0.006 -12"><span class='ocrx_word' id='word_1_2' title='bbox 341 488 448 535; x_wconf 90' lang='lat' dir='ltr'><strong>loco,</strong></span> <span class='ocrx_word' id='word_1_3' title='bbox 479 487 510 525; x_wconf 86' lang='lat' dir='ltr'><strong>si</strong></span> <span class='ocrx_word' id='word_1_4' title='bbox 539 485 632 538; x_wconf 89' lang='lat' dir='ltr'><strong>quid</strong></span> <span class='ocrx_word' id='word_1_5' title='bbox 662 484 772 524; x_wconf 82' lang='lat' dir='ltr'><strong>video</strong></span> <span class='ocrx_word' id='word_1_6' title='bbox 788 515 798 534; x_wconf 88' lang='lat'>,</span> <span class='ocrx_word' id='word_1_7' title='bbox 826 484 996 523; x_wconf 87' lang='lat' dir='ltr'><strong>alienum</strong></span> <span class='ocrx_word' id='word_1_8' title='bbox 1023 487 1094 522; x_wconf 88' lang='lat' dir='ltr'><strong>est.</strong></span> <span class='ocrx_word' id='word_1_9' title='bbox 1125 481 1293 521; x_wconf 79' lang='lat' dir='ltr'><strong>Videtur</strong></span> <span class='ocrx_word' id='word_1_10' title='bbox 1308 481 1404 520; x_wconf 91' lang='lat' dir='ltr'><strong>mihi</strong></span> <span class='ocrx_word' id='word_1_11' title='bbox 1420 481 1536 520; x_wconf 89' lang='lat' dir='ltr'><strong>lectio</strong></span> 
     </span>
     <span class='ocr_line' id='line_1_3' title="bbox 342 572 1537 629; baseline -0.005 -13"><span class='ocrx_word' id='word_1_12' title='bbox 342 590 459 629; x_wconf 83' lang='lat' dir='ltr'><strong>quam</strong></span> <span class='ocrx_word' id='word_1_13' title='bbox 486 576 658 615; x_wconf 81' lang='lat' dir='ltr'><strong>Urbinas</strong></span> <span class='ocrx_word' id='word_1_14' title='bbox 686 575 752 614; x_wconf 83' lang='lat' dir='ltr'><strong>dat</strong></span> <span class='ocrx_word' id='word_1_15' title='bbox 779 578 873 614; x_wconf 79' lang='lat' dir='ltr'><strong>nata</strong></span> <span class='ocrx_word' id='word_1_16' title='bbox 900 587 922 613; x_wconf 90' lang='lat' dir='ltr'><strong>e</strong></span> <span class='ocrx_word' id='word_1_17' title='bbox 948 574 1171 624; x_wconf 85' lang='lat' dir='ltr'><strong>conjectura</strong></span> <span class='ocrx_word' id='word_1_18' title='bbox 1188 572 1338 611; x_wconf 82' lang='lat' dir='ltr'><strong>scribae</strong></span> <span class='ocrx_word' id='word_1_19' title='bbox 1352 572 1419 624; x_wconf 91' lang='lat' dir='ltr'><strong>qui</strong></span> <span class='ocrx_word' id='word_1_20' title='bbox 1434 572 1537 611; x_wconf 88' lang='lat' dir='ltr'><strong>inter</strong></span> 
     </span>
     <span class='ocr_line' id='line_1_4' title="bbox 343 663 1535 707; baseline -0.004 -1"><span class='ocrx_word' id='word_1_21' title='bbox 343 666 589 707; x_wconf 88' lang='lat' dir='ltr'><strong>scribendum</strong></span> <span class='ocrx_word' id='word_1_22' title='bbox 618 665 845 705; x_wconf 87' lang='lat' dir='ltr'><strong>mendosum</strong></span> <span class='ocrx_word' id='word_1_23' title='bbox 871 663 1137 703; x_wconf 71' lang='grc' dir='ltr'><em>ἀποδύσασθαι</em></span> <span class='ocrx_word' id='word_1_24' title='bbox 1166 664 1214 703; x_wconf 91' lang='lat' dir='ltr'><strong>de</strong></span> <span class='ocrx_word' id='word_1_25' title='bbox 1242 676 1312 702; x_wconf 92' lang='lat' dir='ltr'><strong>suo</strong></span> <span class='ocrx_word' id='word_1_26' title='bbox 1328 663 1535 702; x_wconf 82' lang='lat' dir='ltr'><strong>emendare</strong></span> 
     </span>
     <span class='ocr_line' id='line_1_5' title="bbox 344 754 1539 807; baseline -0.003 -12"><span class='ocrx_word' id='word_1_27' title='bbox 344 757 502 795; x_wconf 81' lang='lat' dir='ltr'><strong>studens</strong></span> <span class='ocrx_word' id='word_1_28' title='bbox 557 755 836 807; x_wconf 76' lang='lat' dir='ltr'><strong>inconsiderate</strong></span> <span class='ocrx_word' id='word_1_29' title='bbox 885 767 1030 793; x_wconf 87' lang='lat' dir='ltr'><strong>novum</strong></span> <span class='ocrx_word' id='word_1_30' title='bbox 1071 754 1256 793; x_wconf 89' lang='lat' dir='ltr'><strong>mendum</strong></span> <span class='ocrx_word' id='word_1_31' title='bbox 1298 754 1338 791; x_wconf 90' lang='lat' dir='ltr'><strong>in</strong></span> <span class='ocrx_word' id='word_1_32' title='bbox 1384 757 1539 791; x_wconf 85' lang='lat' dir='ltr'><strong>textum</strong></span> 
     </span>
     <span class='ocr_line' id='line_1_6' title="bbox 345 843 1536 894; baseline -0.002 -11"><span class='ocrx_word' id='word_1_33' title='bbox 345 845 533 884; x_wconf 87' lang='lat' dir='ltr'><strong>intulerit.</strong></span> <span class='ocrx_word' id='word_1_34' title='bbox 574 844 686 889; x_wconf 84' lang='lat' dir='ltr'><strong>Quod</strong></span> <span class='ocrx_word' id='word_1_35' title='bbox 727 844 759 882; x_wconf 87' lang='lat' dir='ltr'><strong>si</strong></span> <span class='ocrx_word' id='word_1_36' title='bbox 791 856 926 882; x_wconf 87' lang='lat' dir='ltr'><strong>verum</strong></span> <span class='ocrx_word' id='word_1_37' title='bbox 955 847 1014 882; x_wconf 89' lang='lat' dir='ltr'><strong>est</strong></span> <span class='ocrx_word' id='word_1_38' title='bbox 1042 844 1148 882; x_wconf 90' lang='lat' dir='ltr'><strong>locus</strong></span> <span class='ocrx_word' id='word_1_39' title='bbox 1177 843 1273 892; x_wconf 87' lang='lat' dir='ltr'><strong>erit,</strong></span> <span class='ocrx_word' id='word_1_40' title='bbox 1303 847 1347 881; x_wconf 92' lang='lat' dir='ltr'><strong>ut</strong></span> <span class='ocrx_word' id='word_1_41' title='bbox 1379 843 1536 894; x_wconf 89' lang='lat' dir='ltr'><strong>opinor,</strong></span> 
     </span>
     <span class='ocr_line' id='line_1_7' title="bbox 342 932 1578 985; baseline -0.002 -12"><span class='ocrx_word' id='word_1_42' title='bbox 342 934 431 973; x_wconf 90' lang='lat' dir='ltr'><strong>huic</strong></span> <span class='ocrx_word' id='word_1_43' title='bbox 458 947 567 975; x_wconf 86' lang='lat' dir='ltr'><strong>meae</strong></span> <span class='ocrx_word' id='word_1_44' title='bbox 594 934 857 985; x_wconf 81' lang='lat' dir='ltr'><strong>conjecturae:</strong></span> <span class='ocrx_word' id='word_1_45' title='bbox 888 933 1013 973; x_wconf 86' lang='lat' dir='ltr'><strong>redire</strong></span> <span class='ocrx_word' id='word_1_46' title='bbox 1034 945 1174 985; x_wconf 85' lang='lat' dir='ltr'><strong>nempe</strong></span> <span class='ocrx_word' id='word_1_47' title='bbox 1188 934 1322 972; x_wconf 86' lang='lat' dir='ltr'><strong>malim</strong></span> <span class='ocrx_word' id='word_1_48' title='bbox 1337 932 1387 971; x_wconf 82' lang='lat' dir='ltr'><strong>ad</strong></span> <span class='ocrx_word' id='word_1_49' title='bbox 1402 933 1536 984; x_wconf 81' lang='lat' dir='ltr'><strong>vulga·</strong></span> <span class='ocrx_word' id='word_1_50' title='bbox 1576 932 1578 935; x_wconf 82' lang='lat'>&#39;</span> 
     </span>
     <span class='ocr_line' id='line_1_8' title="bbox 341 1013 1536 1076; baseline -0.002 -13"><span class='ocrx_word' id='word_1_51' title='bbox 341 1028 423 1063; x_wconf 83' lang='lat' dir='ltr'><strong>tam</strong></span> <span class='ocrx_word' id='word_1_52' title='bbox 448 1025 651 1063; x_wconf 91' lang='lat' dir='ltr'><strong>lectionem</strong></span> <span class='ocrx_word' id='word_1_53' title='bbox 675 1013 966 1074; x_wconf 56' lang='lat' dir='ltr'><strong>lidechw,</strong></span> <span class='ocrx_word' id='word_1_54' title='bbox 990 1037 1062 1063; x_wconf 89' lang='lat' dir='ltr'><strong>nec</strong></span> <span class='ocrx_word' id='word_1_55' title='bbox 1077 1023 1290 1076; x_wconf 84' lang='lat' dir='ltr'><strong>quidquam</strong></span> <span class='ocrx_word' id='word_1_56' title='bbox 1304 1023 1536 1062; x_wconf 84' lang='lat' dir='ltr'><strong>mutandum</strong></span> 
     </span>
     <span class='ocr_line' id='line_1_9' title="bbox 344 1113 1540 1165; baseline -0.001 -13"><span class='ocrx_word' id='word_1_57' title='bbox 344 1126 480 1152; x_wconf 84' lang='lat' dir='ltr'><strong>censeo</strong></span> <span class='ocrx_word' id='word_1_58' title='bbox 507 1114 582 1152; x_wconf 92' lang='lat' dir='ltr'><strong>nisi</strong></span> <span class='ocrx_word' id='word_1_59' title='bbox 610 1114 933 1165; x_wconf 84' lang='lat' dir='ltr'><strong>praepositionem</strong></span> <span class='ocrx_word' id='word_1_60' title='bbox 960 1113 1034 1152; x_wconf 75' lang='grc' dir='ltr'><strong>ἀπὸ</strong></span> <span class='ocrx_word' id='word_1_61' title='bbox 1064 1114 1104 1152; x_wconf 90' lang='lat' dir='ltr'><strong>in</strong></span> <span class='ocrx_word' id='word_1_62' title='bbox 1133 1115 1191 1164; x_wconf 60' lang='lat'><strong>3⁹3</strong></span> <span class='ocrx_word' id='word_1_63' title='bbox 1222 1127 1339 1165; x_wconf 81' lang='lat' dir='ltr'><strong>quam</strong></span> <span class='ocrx_word' id='word_1_64' title='bbox 1354 1114 1540 1165; x_wconf 79' lang='lat' dir='ltr'><strong>exiguam</strong></span> 
     </span>
     <span class='ocr_line' id='line_1_10' title="bbox 342 1204 1539 1255; baseline 0.001 -14"><span class='ocrx_word' id='word_1_65' title='bbox 342 1204 597 1242; x_wconf 88' lang='lat' dir='ltr'><strong>mutationem</strong></span> <span class='ocrx_word' id='word_1_66' title='bbox 623 1204 749 1242; x_wconf 82' lang='lat' dir='ltr'><strong>facere</strong></span> <span class='ocrx_word' id='word_1_67' title='bbox 776 1216 853 1242; x_wconf 88' lang='lat' dir='ltr'><strong>non</strong></span> <span class='ocrx_word' id='word_1_68' title='bbox 883 1204 1018 1252; x_wconf 85' lang='lat' dir='ltr'><strong>dubito</strong></span> <span class='ocrx_word' id='word_1_69' title='bbox 1045 1217 1166 1255; x_wconf 90' lang='lat' dir='ltr'><strong>quum</strong></span> <span class='ocrx_word' id='word_1_70' title='bbox 1179 1208 1316 1242; x_wconf 93' lang='lat' dir='ltr'><strong>notum</strong></span> <span class='ocrx_word' id='word_1_71' title='bbox 1331 1205 1381 1242; x_wconf 91' lang='lat' dir='ltr'><strong>sit</strong></span> <span class='ocrx_word' id='word_1_72' title='bbox 1397 1205 1539 1242; x_wconf 87' lang='lat' dir='ltr'><strong>mirum</strong></span> 
     </span>
     <span class='ocr_line' id='line_1_11' title="bbox 342 1292 1537 1345; baseline 0 -14"><span class='ocrx_word' id='word_1_73' title='bbox 342 1293 383 1331; x_wconf 88' lang='lat' dir='ltr'><strong>in</strong></span> <span class='ocrx_word' id='word_1_74' title='bbox 426 1292 584 1332; x_wconf 90' lang='lat' dir='ltr'><strong>modum</strong></span> <span class='ocrx_word' id='word_1_75' title='bbox 610 1294 913 1345; x_wconf 84' lang='lat' dir='ltr'><strong>praepositiones</strong></span> <span class='ocrx_word' id='word_1_76' title='bbox 941 1307 966 1332; x_wconf 82' lang='lat' dir='ltr'><strong>a</strong></span> <span class='ocrx_word' id='word_1_77' title='bbox 993 1294 1128 1333; x_wconf 88' lang='lat' dir='ltr'><strong>scribis</strong></span> <span class='ocrx_word' id='word_1_78' title='bbox 1156 1294 1258 1332; x_wconf 89' lang='lat' dir='ltr'><strong>inter</strong></span> <span class='ocrx_word' id='word_1_79' title='bbox 1287 1306 1329 1332; x_wconf 83' lang='lat' dir='ltr'><strong>se</strong></span> <span class='ocrx_word' id='word_1_80' title='bbox 1355 1293 1537 1332; x_wconf 85' lang='lat' dir='ltr'><strong>confundi</strong></span> 
     </span>
     <span class='ocr_line' id='line_1_12' title="bbox 343 1379 1539 1434; baseline 0.002 -15"><span class='ocrx_word' id='word_1_81' title='bbox 343 1382 476 1420; x_wconf 88' lang='lat' dir='ltr'><strong>solere.</strong></span> <span class='ocrx_word' id='word_1_82' title='bbox 506 1382 655 1433; x_wconf 87' lang='lat' dir='ltr'><strong>Legere</strong></span> <span class='ocrx_word' id='word_1_83' title='bbox 685 1383 806 1434; x_wconf 79' lang='lat' dir='ltr'><strong>igitur</strong></span> <span class='ocrx_word' id='word_1_84' title='bbox 832 1383 988 1433; x_wconf 79' lang='lat' dir='ltr'><strong>malim3</strong></span> <span class='ocrx_word' id='word_1_85' title='bbox 1011 1382 1211 1430; x_wconf 60' lang='grc' dir='ltr'><strong>προθύμως</strong></span> <span class='ocrx_word' id='word_1_86' title='bbox 1226 1379 1285 1421; x_wconf 79' lang='grc' dir='ltr'><strong>οὖν</strong></span> <span class='ocrx_word' id='word_1_87' title='bbox 1308 1383 1539 1433; x_wconf 60' lang='grc' dir='ltr'><em>ἐνδύσασθε,</em></span> 
     </span>
     <span class='ocr_line' id='line_1_13' title="bbox 342 1469 1539 1526; baseline 0.004 -18"><span class='ocrx_word' id='word_1_88' title='bbox 342 1469 406 1508; x_wconf 75' lang='grc' dir='ltr'><strong>καὶ</strong></span> <span class='ocrx_word' id='word_1_89' title='bbox 449 1469 597 1517; x_wconf 76' lang='grc' dir='ltr'><em>δείξατε</em></span> <span class='ocrx_word' id='word_1_90' title='bbox 639 1471 767 1516; x_wconf 73' lang='grc' dir='ltr'><em>αὐτοῖς</em></span> <span class='ocrx_word' id='word_1_91' title='bbox 809 1476 883 1511; x_wconf 85' lang='lat' dir='ltr'><strong>cet.</strong></span> <span class='ocrx_word' id='word_1_92' title='bbox 920 1473 1045 1524; x_wconf 89' lang='lat' dir='ltr'><strong>quod,</strong></span> <span class='ocrx_word' id='word_1_93' title='bbox 1080 1474 1155 1512; x_wconf 89' lang='lat' dir='ltr'><strong>nisi</strong></span> <span class='ocrx_word' id='word_1_94' title='bbox 1183 1474 1318 1524; x_wconf 79' lang='lat' dir='ltr'><strong>fallor,</strong></span> <span class='ocrx_word' id='word_1_95' title='bbox 1347 1475 1539 1526; x_wconf 89' lang='lat' dir='ltr'><strong>optimum</strong></span> 
     </span>
     <span class='ocr_line' id='line_1_14' title="bbox 340 1561 1537 1615; baseline 0.004 -16"><span class='ocrx_word' id='word_1_96' title='bbox 340 1573 496 1599; x_wconf 91' lang='lat' dir='ltr'><strong>sensum</strong></span> <span class='ocrx_word' id='word_1_97' title='bbox 532 1561 665 1600; x_wconf 86' lang='lat' dir='ltr'><strong>affert:</strong></span> <span class='ocrx_word' id='word_1_98' title='bbox 695 1562 884 1601; x_wconf 76' lang='lat' dir='ltr'><strong>alacriter</strong></span> <span class='ocrx_word' id='word_1_99' title='bbox 911 1564 1102 1615; x_wconf 58' lang='lat' dir='ltr'><strong>(toci-nque</strong></span> <span class='ocrx_word' id='word_1_100' title='bbox 1130 1576 1205 1602; x_wconf 85' lang='lat' dir='ltr'><strong>vos.</strong></span> <span class='ocrx_word' id='word_1_101' title='bbox 1236 1563 1346 1603; x_wconf 87' lang='lat' dir='ltr'><strong>Idem</strong></span> <span class='ocrx_word' id='word_1_102' title='bbox 1373 1565 1537 1603; x_wconf 83' lang='lat' dir='ltr'><strong>verbum</strong></span> 
     </span>
     <span class='ocr_line' id='line_1_15' title="bbox 339 1651 1530 1701; baseline 0.002 -11"><span class='ocrx_word' id='word_1_103' title='bbox 339 1651 473 1691; x_wconf 88' lang='lat' dir='ltr'><strong>eodem</strong></span> <span class='ocrx_word' id='word_1_104' title='bbox 516 1665 632 1691; x_wconf 89' lang='lat' dir='ltr'><strong>sensu</strong></span> <span class='ocrx_word' id='word_1_105' title='bbox 672 1653 823 1692; x_wconf 87' lang='lat' dir='ltr'><strong>invenis</strong></span> <span class='ocrx_word' id='word_1_106' title='bbox 866 1653 953 1692; x_wconf 90' lang='lat' dir='ltr'><strong>Lib.</strong></span> <span class='ocrx_word' id='word_1_107' title='bbox 996 1654 1070 1692; x_wconf 91' lang='lat' dir='ltr'><strong>IX.</strong></span> <span class='ocrx_word' id='word_1_108' title='bbox 1117 1667 1150 1693; x_wconf 88' lang='lat' dir='ltr'><strong>c.</strong></span> <span class='ocrx_word' id='word_1_109' title='bbox 1194 1656 1258 1694; x_wconf 89' lang='lat'><strong>34.</strong></span> <span class='ocrx_word' id='word_1_110' title='bbox 1301 1655 1367 1694; x_wconf 90' lang='lat' dir='ltr'><strong>fin.</strong></span> <span class='ocrx_word' id='word_1_111' title='bbox 1398 1655 1430 1693; x_wconf 85' lang='grc' dir='ltr'><strong>οἱ</strong></span> <span class='ocrx_word' id='word_1_112' title='bbox 1461 1655 1530 1701; x_wconf 79' lang='grc' dir='ltr'><strong>μὲν</strong></span> 
     </span>
     <span class='ocr_line' id='line_1_16' title="bbox 337 1741 1530 1796; baseline 0.004 -17"><span class='ocrx_word' id='word_1_113' title='bbox 337 1743 373 1779; x_wconf 77' lang='grc' dir='ltr'><strong>ἐν</strong></span> <span class='ocrx_word' id='word_1_114' title='bbox 401 1744 487 1785; x_wconf 83' lang='grc' dir='ltr'><em>ταῖς</em></span> <span class='ocrx_word' id='word_1_115' title='bbox 516 1742 658 1786; x_wconf 73' lang='grc' dir='ltr'><strong><em>κοίταις</em></strong></span> <span class='ocrx_word' id='word_1_116' title='bbox 686 1741 871 1796; x_wconf 15' lang='grc' dir='ltr'><strong>ἔτιῃόντες</strong></span> <span class='ocrx_word' id='word_1_117' title='bbox 898 1743 1230 1796; x_wconf 65' lang='grc' dir='ltr'><em>κατεσφάγησκν,</em></span> <span class='ocrx_word' id='word_1_118' title='bbox 1261 1745 1291 1784; x_wconf 84' lang='grc' dir='ltr'><strong>οἱ</strong></span> <span class='ocrx_word' id='word_1_119' title='bbox 1322 1745 1359 1784; x_wconf 77' lang='grc' dir='ltr'><strong>δὲ</strong></span> <span class='ocrx_word' id='word_1_120' title='bbox 1375 1745 1530 1785; x_wconf 71' lang='grc' dir='ltr'><em>ἀνιστά-</em></span> 
     </span>
     <span class='ocr_line' id='line_1_17' title="bbox 336 1832 1534 1882; baseline 0.005 -12"><span class='ocrx_word' id='word_1_121' title='bbox 336 1845 437 1879; x_wconf 77' lang='grc' dir='ltr'><em>μενοι</em></span> <span class='ocrx_word' id='word_1_122' title='bbox 464 1832 598 1881; x_wconf 64' lang='grc' dir='ltr'><em>ἀρτίως</em></span> <span class='ocrx_word' id='word_1_123' title='bbox 626 1836 692 1872; x_wconf 67' lang='grc' dir='ltr'><strong>καὶ</strong></span> <span class='ocrx_word' id='word_1_124' title='bbox 724 1833 776 1873; x_wconf 72' lang='grc' dir='ltr'><strong>ταὶ</strong></span> <span class='ocrx_word' id='word_1_125' title='bbox 803 1832 907 1873; x_wconf 72' lang='grc' dir='ltr'><em>δ’πλκ</em></span> <span class='ocrx_word' id='word_1_126' title='bbox 937 1834 1137 1882; x_wconf 76' lang='grc' dir='ltr'><em>ἐνδυόμενοι</em></span> <span class='ocrx_word' id='word_1_127' title='bbox 1166 1836 1243 1875; x_wconf 79' lang='grc' dir='ltr'><strong><em>κτὲ.</em></strong></span> <span class='ocrx_word' id='word_1_128' title='bbox 1277 1836 1422 1875; x_wconf 88' lang='lat' dir='ltr'><strong>Nostro</strong></span> <span class='ocrx_word' id='word_1_129' title='bbox 1451 1838 1534 1876; x_wconf 91' lang='lat' dir='ltr'><strong>loco</strong></span> 
     </span>
     <span class='ocr_line' id='line_1_18' title="bbox 336 1922 1534 1978; baseline 0.005 -17"><span class='ocrx_word' id='word_1_130' title='bbox 336 1936 414 1962; x_wconf 87' lang='lat' dir='ltr'><strong>non</strong></span> <span class='ocrx_word' id='word_1_131' title='bbox 441 1924 596 1963; x_wconf 81' lang='lat' dir='ltr'><strong>additur</strong></span> <span class='ocrx_word' id='word_1_132' title='bbox 622 1924 673 1963; x_wconf 70' lang='grc' dir='ltr'><strong>τὰ</strong></span> <span class='ocrx_word' id='word_1_133' title='bbox 701 1922 827 1969; x_wconf 67' lang='grc' dir='ltr'><strong><em>ἔπλει,</em></strong></span> <span class='ocrx_word' id='word_1_134' title='bbox 859 1927 962 1978; x_wconf 91' lang='lat' dir='ltr'><strong>quod</strong></span> <span class='ocrx_word' id='word_1_135' title='bbox 988 1931 1119 1965; x_wconf 82' lang='lat' dir='ltr'><strong>tamen</strong></span> <span class='ocrx_word' id='word_1_136' title='bbox 1148 1940 1258 1966; x_wconf 85' lang='lat' dir='ltr'><strong>meae</strong></span> <span class='ocrx_word' id='word_1_137' title='bbox 1287 1928 1534 1978; x_wconf 82' lang='lat' dir='ltr'><strong>conjecturae</strong></span> 
     </span>
     <span class='ocr_line' id='line_1_19' title="bbox 290 2002 1532 2062; baseline 0.004 -10"><span class='ocrx_word' id='word_1_138' title='bbox 290 2002 292 2005; x_wconf 37' lang='lat'>¹</span> <span class='ocrx_word' id='word_1_139' title='bbox 334 2027 412 2053; x_wconf 90' lang='lat' dir='ltr'><strong>non</strong></span> <span class='ocrx_word' id='word_1_140' title='bbox 454 2015 609 2055; x_wconf 85' lang='lat' dir='ltr'><strong>obstare</strong></span> <span class='ocrx_word' id='word_1_141' title='bbox 650 2017 842 2056; x_wconf 83' lang='lat' dir='ltr'><strong>existimo.</strong></span> <span class='ocrx_word' id='word_1_142' title='bbox 884 2017 980 2062; x_wconf 84' lang='lat' dir='ltr'><strong>Quis</strong></span> <span class='ocrx_word' id='word_1_143' title='bbox 1008 2018 1111 2057; x_wconf 90' lang='lat' dir='ltr'><strong>enim</strong></span> <span class='ocrx_word' id='word_1_144' title='bbox 1139 2021 1220 2057; x_wconf 84' lang='lat' dir='ltr'><strong>tam</strong></span> <span class='ocrx_word' id='word_1_145' title='bbox 1249 2018 1368 2058; x_wconf 88' lang='lat' dir='ltr'><strong>hebes</strong></span> <span class='ocrx_word' id='word_1_146' title='bbox 1399 2023 1457 2058; x_wconf 91' lang='lat' dir='ltr'><strong>est</strong></span> <span class='ocrx_word' id='word_1_147' title='bbox 1488 2023 1532 2058; x_wconf 92' lang='lat' dir='ltr'><strong>ut</strong></span> 
     </span>
     <span class='ocr_line' id='line_1_20' title="bbox 333 2107 1529 2161; baseline 0.003 -16"><span class='ocrx_word' id='word_1_148' title='bbox 333 2118 411 2145; x_wconf 90' lang='lat' dir='ltr'><strong>non</strong></span> <span class='ocrx_word' id='word_1_149' title='bbox 450 2107 644 2159; x_wconf 79' lang='lat' dir='ltr'><strong>intelligat</strong></span> <span class='ocrx_word' id='word_1_150' title='bbox 674 2108 902 2147; x_wconf 84' lang='lat' dir='ltr'><strong>dictatorem</strong></span> <span class='ocrx_word' id='word_1_151' title='bbox 928 2109 1084 2161; x_wconf 88' lang='lat' dir='ltr'><strong>plebem</strong></span> <span class='ocrx_word' id='word_1_152' title='bbox 1110 2110 1348 2149; x_wconf 81' lang='lat' dir='ltr'><strong>excitantem</strong></span> <span class='ocrx_word' id='word_1_153' title='bbox 1376 2114 1421 2148; x_wconf 90' lang='lat' dir='ltr'><strong>ut</strong></span> <span class='ocrx_word' id='word_1_154' title='bbox 1449 2111 1529 2148; x_wconf 84' lang='lat' dir='ltr'><strong>vim</strong></span> 
     </span>
     <span class='ocr_line' id='line_1_21' title="bbox 333 2198 1526 2252; baseline 0.001 -16"><span class='ocrx_word' id='word_1_155' title='bbox 333 2198 504 2247; x_wconf 87' lang='lat' dir='ltr'><strong>hostium</strong></span> <span class='ocrx_word' id='word_1_156' title='bbox 524 2199 681 2248; x_wconf 10' lang='lat' dir='ltr'><strong>*fortiter</strong></span> <span class='ocrx_word' id='word_1_157' title='bbox 708 2200 940 2252; x_wconf 84' lang='lat' dir='ltr'><strong>propelleret</strong></span> <span class='ocrx_word' id='word_1_158' title='bbox 967 2199 1039 2239; x_wconf 88' lang='lat' dir='ltr'><strong>hoc</strong></span> <span class='ocrx_word' id='word_1_159' title='bbox 1067 2199 1193 2239; x_wconf 83' lang='lat' dir='ltr'><strong>dicere</strong></span> <span class='ocrx_word' id='word_1_160' title='bbox 1221 2200 1389 2239; x_wconf 85' lang='lat' dir='ltr'><strong>voluisse</strong></span> <span class='ocrx_word' id='word_1_161' title='bbox 1413 2213 1526 2238; x_wconf 83' lang='lat' dir='ltr'><strong>arma</strong></span> 
     </span>
     <span class='ocr_line' id='line_1_22' title="bbox 336 2289 656 2329; baseline 0 -1"><span class='ocrx_word' id='word_1_162' title='bbox 336 2302 420 2328; x_wconf 90' lang='lat' dir='ltr'><strong>esse</strong></span> <span class='ocrx_word' id='word_1_163' title='bbox 448 2289 656 2329; x_wconf 86' lang='lat' dir='ltr'><strong>induenda.</strong></span> 
     </span>
    </p>

    <p class='ocr_par' dir='ltr' id='par_1_3' title="bbox 334 2378 1531 2522">
     <span class='ocr_line' id='line_1_23' title="bbox 386 2378 1529 2434; baseline 0.002 -16"><span class='ocrx_word' id='word_1_164' title='bbox 386 2378 470 2419; x_wconf 87' lang='lat' dir='ltr'><strong>Nec</strong></span> <span class='ocrx_word' id='word_1_165' title='bbox 484 2381 612 2420; x_wconf 89' lang='lat' dir='ltr'><strong>minus</strong></span> <span class='ocrx_word' id='word_1_166' title='bbox 626 2380 853 2421; x_wconf 90' lang='lat' dir='ltr'><strong>mendosum</strong></span> <span class='ocrx_word' id='word_1_167' title='bbox 867 2384 925 2421; x_wconf 88' lang='lat' dir='ltr'><strong>est</strong></span> <span class='ocrx_word' id='word_1_168' title='bbox 940 2381 1043 2434; x_wconf 91' lang='lat' dir='ltr'><strong>quod</strong></span> <span class='ocrx_word' id='word_1_169' title='bbox 1057 2382 1221 2434; x_wconf 89' lang='lat' dir='ltr'><strong>legimus</strong></span> <span class='ocrx_word' id='word_1_170' title='bbox 1237 2381 1323 2421; x_wconf 90' lang='lat' dir='ltr'><strong>Lib.</strong></span> <span class='ocrx_word' id='word_1_171' title='bbox 1336 2380 1410 2420; x_wconf 90' lang='lat' dir='ltr'><strong>VI.</strong></span> <span class='ocrx_word' id='word_1_172' title='bbox 1421 2394 1453 2421; x_wconf 88' lang='lat' dir='ltr'><strong>c.</strong></span> <span class='ocrx_word' id='word_1_173' title='bbox 1466 2382 1529 2420; x_wconf 85' lang='lat'><strong>45.</strong></span> 
     </span>
     <span class='ocr_line' id='line_1_24' title="bbox 334 2469 1531 2522; baseline 0.003 -14"><span class='ocrx_word' id='word_1_174' title='bbox 334 2469 389 2508; x_wconf 88' lang='lat' dir='ltr'><strong>M.</strong></span> <span class='ocrx_word' id='word_1_175' title='bbox 418 2470 600 2510; x_wconf 85' lang='lat' dir='ltr'><strong>Valerius</strong></span> <span class='ocrx_word' id='word_1_176' title='bbox 627 2470 813 2522; x_wconf 80' lang='lat' dir='ltr'><strong>dictator,</strong></span> <span class='ocrx_word' id='word_1_177' title='bbox 842 2471 958 2511; x_wconf 89' lang='lat' dir='ltr'><strong>rebus</strong></span> <span class='ocrx_word' id='word_1_178' title='bbox 974 2471 1120 2511; x_wconf 85' lang='lat' dir='ltr'><strong>bellicis</strong></span> <span class='ocrx_word' id='word_1_179' title='bbox 1135 2484 1186 2510; x_wconf 86' lang='lat' dir='ltr'><strong>ex</strong></span> <span class='ocrx_word' id='word_1_180' title='bbox 1201 2472 1321 2510; x_wconf 83' lang='lat' dir='ltr'><strong>animi</strong></span> <span class='ocrx_word' id='word_1_181' title='bbox 1337 2472 1531 2511; x_wconf 80' lang='lat' dir='ltr'><strong>sententia</strong></span> 
     </span>
    </p>
   </div>
   <div class='ocr_carea' id='block_1_3' title="bbox 333 2562 1532 2616">
    <p class='ocr_par' dir='ltr' id='par_1_4' title="bbox 333 2562 1532 2616">
     <span class='ocr_line' id='line_1_25' title="bbox 333 2562 1532 2616; baseline 0.003 -16"><span class='ocrx_word' id='word_1_182' title='bbox 333 2562 477 2612; x_wconf 84' lang='lat' dir='ltr'><strong>gestis,</strong></span> <span class='ocrx_word' id='word_1_183' title='bbox 530 2563 578 2601; x_wconf 91' lang='lat' dir='ltr'><strong>ob</strong></span> <span class='ocrx_word' id='word_1_184' title='bbox 621 2567 774 2615; x_wconf 87' lang='lat' dir='ltr'><strong>partam</strong></span> <span class='ocrx_word' id='word_1_185' title='bbox 817 2564 1018 2603; x_wconf 82' lang='lat' dir='ltr'><strong>victoriam</strong></span> <span class='ocrx_word' id='word_1_186' title='bbox 1059 2563 1165 2602; x_wconf 88' lang='lat' dir='ltr'><strong>ducit</strong></span> <span class='ocrx_word' id='word_1_187' title='bbox 1206 2563 1447 2616; x_wconf 90' lang='lat' dir='ltr'><strong>triumphum</strong></span> <span class='ocrx_word' id='word_1_188' title='bbox 1492 2568 1532 2603; x_wconf 78' lang='lat' dir='ltr'><strong>et</strong></span> 
     </span>
    </p>
   </div>
  </div>
 </body>
</html>
