1924 3118
443 1142 563 1183 Libro
607 1142 639 1181 I.
682 1156 767 1195 cap.
812 1144 872 1182 15.
911 1142 1058 1183 Mentio
1095 1143 1139 1183 fit
1168 1142 1216 1182 de
1242 1143 1331 1182 lacu
1366 1154 1445 1182 non
1472 1141 1588 1193 longe

393 1234 442 1273 ab
485 1233 582 1273 urbe
619 1232 774 1285 Ootylia
810 1233 896 1272 sita.
933 1232 1077 1278 ταύτην
1115 1234 1200 1284 (τὴν
1228 1232 1380 1284 λίμνην)
1408 1256 1460 1261 -
1490 1245 1591 1280 περι-

392 1324 580 1371 είρξαντες
621 1326 748 1378 κύκλῳ
788 1322 1045 1370 στέμμασι
1083 1326 1148 1362 τοῦ
1185 1322 1326 1370 μηδένα
1364 1328 1419 1375 τῷ
1445 1325 1588 1370 νάματι

392 1412 567 1461 πελάζειν
615 1410 765 1459 ἄβατον
808 1411 1084 1461 φύλαττουσιν.
1128 1413 1365 1465 Cor-ruptum
1406 1417 1466 1452 est
1508 1413 1592 1452 sine

392 1504 655 1544 controversia
681 1502 907 1551 στέμμασις
935 1502 1148 1550 στέμματα
1178 1503 1357 1555 (infulae)
1385 1503 1488 1543 enim
1514 1516 1593 1542 non

394 1599 484 1634 sunt
519 1595 690 1635 locorum
719 1594 786 1635 sed
813 1594 1027 1635 hominum.
1056 1594 1226 1648 Chryses
1254 1593 1431 1634 sacerdos
1459 1592 1590 1644 (Iliad.

394 1686 427 1725 I.
461 1687 539 1737 14.)
571 1686 678 1726 venit
704 1686 754 1725 ad
781 1698 900 1725 naves
928 1685 1170 1725 Achivorum
1186 1715 1197 1736 ,

447 1776 643 1824 στέμματ’
670 1775 768 1825 ἔχων
795 1776 832 1815 ἐν
859 1778 991 1825 χερσὶν
1020 1776 1205 1822 ἑκηβόλου
1234 1777 1488 1820 Ἀπόλλωνος.

394 1868 571 1920 Virginis
616 1869 763 1909 Vestae
804 1872 922 1922 caput
957 1867 1155 1908 ἀναδεῖται
1183 1866 1415 1915 στέμμασιν.
1445 1866 1494 1907 ef.
1522 1866 1594 1907 lib.

394 1958 514 1998 VIII.
560 1972 593 1998 c.
643 1961 705 1998 89.
750 1960 815 1998 fin.
854 1959 1191 1999 Absurdissimum
1232 1971 1325 1998 vero
1365 1962 1424 1997 est
1462 1959 1593 1997 laeum

358 2105 361 2108 ,
391 2049 547 2101 cingere
582 2049 714 2088 infulis
730 2080 740 2100 ‚
780 2051 845 2088 τοῦ
870 2048 1014 2097 μηδένα
1040 2054 1096 2105 τῷ
1123 2052 1265 2096 νάματι
1294 2047 1493 2099 πελάζειν;
1519 2032 1592 2088 nee

393 2139 557 2178 verbum
576 2140 794 2188 περιείργειν
808 2153 896 2179 eum
910 2139 1107 2187 στέμμασι
1122 2139 1222 2180 bene
1236 2139 1427 2179 convenit.
1443 2138 1592 2192 Requi-

393 2230 493 2269 ritur
519 2230 675 2269 omnino
703 2230 991 2270 substantivum
1014 2230 1118 2283 quod
1139 2230 1336 2270 notionem
1359 2230 1595 2283 impediendi

393 2320 519 2360 affert.
563 2321 710 2361 Reiske
741 2325 847 2362 reete
873 2321 946 2361 hoe
974 2322 1094 2361 sensit
1123 2321 1191 2361 sed
1216 2322 1367 2361 felicem
1396 2321 1592 2373 conjectu-

393 2424 477 2451 ram
519 2425 596 2452 non
637 2414 837 2466 proposuit
877 2426 998 2467 quum
1040 2413 1353 2454 substituendum
1395 2416 1589 2453 censeret:

396 2505 615 2548 σκάμμασι.
647 2503 753 2542 Solet
780 2505 884 2544 enim
911 2507 1077 2552 σκάμμοι
1106 2504 1278 2544 indicare
1304 2505 1433 2543 locum
1458 2504 1500 2543 in
1522 2517 1593 2557 pa-

395 2594 540 2633 laestra
578 2594 646 2633 ubi
684 2594 870 2636 Athletae
905 2596 1133 2647 certabant3
1169 2596 1364 2636 rarissime
1400 2609 1492 2635 vero
1520 2609 1591 2635 nec

1475 2676 1492 2714 1
