1924 3118
969 353 1017 391 77

919 488 1054 529 XVI.

449 629 551 669 Ibid.
590 629 664 668 IV.
704 631 740 667 5.
779 630 813 667 7.
858 626 993 666 αὐτοὶ
1036 626 1112 675 γαρ
1149 625 1264 671 δήπου
1301 627 1351 664 τὰ
1390 624 1593 663 ἐναντία

401 716 638 770 σωφροσύνης
678 722 743 757 καὶ
784 717 971 767 ἀκρασίας
999 716 1093 766 ἔργα
1122 716 1236 757 ἐστίν.
1266 716 1346 756 Pro
1372 715 1474 755 αὐτὰ
1504 715 1594 755 sub-

398 812 543 850 stitue:
575 810 730 849 ἐναντία
760 813 800 849 et
829 809 915 849 dele
943 809 1094 848 ἐναντία
1121 811 1208 863 post
1235 806 1299 852 τοὶ.

910 959 1076 1000 XVII.

448 1099 652 1140 Demosth.
681 1112 713 1138 c.
743 1098 908 1139 Macart.
940 1112 972 1138 c.
1002 1099 1065 1138 67.
1094 1099 1223 1137 Σόλων
1252 1120 1306 1128 -
1331 1095 1493 1136 κελεύων
1515 1100 1594 1141 τοῖς

403 1188 685 1239 κατοιχομένοις
714 1192 873 1228 ποιεῖν
902 1187 988 1234 τοὺς
1015 1185 1268 1238 προσήκοντας
1297 1189 1333 1227 ἕν
1360 1192 1448 1233 ταῖς
1474 1185 1596 1232 καθη·

400 1283 551 1326 noth-oue
589 1280 755 1328 ἡμέραις.
793 1280 889 1320 Post
928 1284 1043 1319 ποιεῖν
1081 1280 1390 1320 subandiendum
1416 1278 1467 1318 τὰ
1496 1292 1595 1325 νομι-

399 1370 550 1420 ζόμενα.

895 1509 935 1548 Χ
946 1509 985 1548 V
997 1509 1019 1548 I
1031 1510 1052 1548 1
1064 1510 1097 1549 Ι.

454 1647 555 1686 Ibid.
599 1660 632 1686 c.
677 1646 928 1686 Leocharem.
969 1648 992 1697 ξ
1033 1659 1066 1685 c.
1098 1648 1135 1685 6.
1165 1648 1229 1684 καὶ
1255 1646 1358 1685 κατὰ
1386 1650 1453 1697 τὴν
1481 1648 1599 1697 ἄγχι-

402 1736 533 1776 στείαν
569 1737 758 1784 γνήσιοι
789 1735 903 1782 ὄντες.
934 1736 1042 1789 Lege
1068 1740 1282 1785 συγγενεῖς.

934 1887 1069 1927 XIX.

456 2024 558 2064 Ibid.
603 2037 635 2063 c.
666 2024 817 2064 Callicl.
848 2026 882 2063 εἷ
908 2025 977 2072 μὲν
1006 2024 1082 2073 γαρ
1111 2021 1164 2075 ἦν,
1193 2022 1219 2064 ὦ
1247 2023 1373 2074 ἄνδρες
1400 2025 1599 2078 δικασταὶ,

400 2114 575 2164 χαράδραι
604 2114 756 2154 πάλιν
785 2116 1054 2166 ὑποδεχομένη,
1087 2117 1166 2159 κτὲ.
1195 2117 1380 2157 Emenda:
1409 2121 1545 2157 πάλαι.

947 2269 1049 2309 ΧΧ.

453 2407 563 2446 Plut.
593 2406 641 2446 de
670 2419 739 2446 esu
768 2385 946 2447 darnium
976 2407 1064 2447 Lib.
1094 2407 1150 2447 ΙΙ.
1179 2420 1211 2447 o.
1229 2410 1265 2446 3.
1281 2408 1516 2456 Πυθαγόρας
1532 2412 1599 2446 καὶ

404 2497 669 2547 Ἐμπεδοκλῆς
696 2497 886 2547 ἐθίζοντες
914 2495 1007 2537 εἶναι
1037 2498 1103 2539 καὶ
1128 2498 1216 2547 πρὸς
1243 2500 1293 2537 τὰ
1320 2496 1453 2538 ἄλλα
1483 2498 1599 2547 γένη

401 2588 574 2633 δικαίους.
605 2589 684 2629 Pro
712 2592 821 2629 ἄλλα
850 2589 940 2636 γένη
968 2592 1080 2643 lege:
1110 2588 1251 2637 ἄλογα,
