1924 3118
896 378 943 415 41

323 513 600 562 ἀπετράποντο,
631 514 701 553 ὑπὸ
722 512 836 553 κόπου
859 512 910 551 τὰ
937 513 1099 560 σώματα
1123 514 1333 560 παρειμένοι
1362 512 1425 551 καὶ
1441 513 1521 552 οὐδὲ

326 604 377 644 τὰ
413 602 516 644 ὅπλα
553 603 615 643 ἔτι
652 601 796 651 ὅμοια
824 602 989 654 ἔχοντες.
1021 604 1126 644 Illud
1158 608 1267 652 ὅμοια
1296 606 1522 645 mendosum

325 709 408 735 esse
448 709 518 748 pro
544 699 650 734 certo
677 694 802 734 habeo
829 698 868 734 et
896 695 1015 734 miror
1046 695 1328 749 Kiesslingium
1358 697 1524 735 vocabu·

324 787 406 825 lum
439 790 521 825 tam
558 786 735 838 ineptum
763 789 802 824 et
829 786 1058 837 languidum
1086 787 1186 827 ferre
1214 789 1396 840 potuisse.
1425 788 1522 833 Quis

322 877 427 916 enim
452 876 675 916 mortalium
702 876 898 928 explicare
926 876 1070 928 poterit
1085 876 1183 916 illud
1200 891 1207 916 :
1225 891 1345 930 quum
1361 891 1522 931 corpora

323 982 416 1022 prae
444 969 575 1008 labore
602 967 788 1020 languida
814 971 963 1018 essent,
995 981 1066 1007 nec
1095 969 1261 1021 amplius
1275 982 1389 1008 arma
1397 971 1521 1021 paria

320 1060 543 1099 haberent?
587 1059 762 1111 Ingenue
802 1059 926 1098 fateor
962 1072 1025 1099 me
1061 1072 1138 1099 non
1167 1060 1395 1112 intelligere.
1425 1060 1451 1100 J
1454 1074 1523 1100 ure

323 1151 468 1190 Garrer
494 1152 578 1190 loco
604 1151 797 1190 laboranti
826 1151 1066 1190 medicamen
1095 1147 1233 1191 afferre
1265 1157 1426 1191 conatus
1441 1157 1522 1203 est;

321 1241 389 1280 sed
424 1239 597 1288 βέβαιίως
636 1240 739 1293 quod
780 1241 983 1296 substituit
1013 1241 1129 1280 nimis
1157 1255 1181 1280 a
1205 1242 1399 1281 codicibus
1426 1242 1522 1281 mihi

322 1332 476 1372 videtur
517 1332 685 1371 differre.
728 1331 785 1370 Ut
818 1331 902 1371 fieri
931 1332 1028 1371 solet
1043 1362 1054 1382 ‚
1082 1331 1233 1370 facilius
1256 1336 1315 1371 est
1338 1329 1522 1372 mendum

320 1422 607 1474 deprehendere
648 1435 766 1473 quam
798 1396 998 1474 ¹probabili
1035 1423 1258 1473 conjectura
1285 1423 1412 1462 locum
1440 1436 1521 1462 cor-

319 1517 479 1566 ruptum
520 1525 670 1552 sanare.
722 1512 980 1564 Aliquamdiu
1032 1513 1169 1565 putavi
1212 1517 1410 1553 auctorem
1453 1514 1526 1554 hoc

317 1602 482 1642 dixisse:
526 1616 636 1642 arma
676 1602 944 1642 Romanorum
987 1603 1106 1642 fuisse
1149 1603 1274 1643 fracta
1312 1608 1352 1643 et
1381 1604 1520 1644 obtusa

317 1697 386 1732 aut
422 1694 571 1746 aliquid
598 1694 886 1746 hujuscemodi;
915 1694 982 1733 sed
1008 1695 1160 1733 nullum
1189 1694 1423 1733 vocabulum
1447 1695 1519 1734 hoc

317 1785 539 1836 significans
590 1784 687 1823 mihi
737 1785 777 1823 in
827 1787 1001 1823 mentem
1040 1784 1149 1823 venit
1191 1785 1294 1823 inter
1335 1784 1439 1836 quod
1479 1789 1519 1824 et

313 1874 447 1913 literas
487 1874 627 1914 codicis
667 1873 859 1926 quaedam
897 1873 1110 1913 similitudo
1139 1878 1253 1913 esset.
1282 1873 1390 1913 Num
1419 1875 1519 1914 forte

313 1977 383 2016 pro
425 1969 599 2002 OMOIA
639 1965 886 2004 scribendum
924 1967 1225 2003 OIHOAAOl?
1266 1965 1314 2004 cf.
1345 1965 1433 2004 Lib.
1463 1965 1515 2004 X.

314 2068 347 2094 c.
379 2057 442 2094 46.
472 2055 660 2103 ἐρρίπτουν
688 2053 756 2102 ἔξω
787 2057 852 2094 τοῦ
879 2055 1052 2104 χάρακος
1079 2054 1233 2100 ἑαυτοὺς
1248 2055 1328 2094 οὐδὲ
1343 2055 1395 2094 τὰ
1411 2053 1514 2094 ὅπλα

311 2146 342 2186 οἱ
384 2145 517 2186 πολλοὶ
554 2145 814 2196 Φυλάξαιντες.
853 2147 943 2187 Non
971 2148 1074 2187 enim
1104 2160 1262 2200 prorsus
1290 2147 1517 2187 incredibile

312 2242 371 2279 est
411 2238 610 2279 indoctum
646 2243 692 2279 et„
722 2240 986 2292 negligentem
1014 2238 1181 2278 scribam
1210 2239 1355 2291 primas
1382 2239 1516 2278 literas

314 2335 404 2370 ΟΙΠ
446 2336 604 2384 propter
641 2331 873 2371 antecedens
913 2335 1002 2369 ETI
1042 2330 1217 2369 omisisse
1243 2333 1283 2368 et
1310 2332 1515 2381 sequentes

313 2427 482 2461 ΟΛΛΟΙ
512 2423 589 2462 levi
617 2436 746 2462 errore
773 2424 814 2461 in
844 2427 980 2461 0M01
1011 2425 1205 2472 mutasse,
1232 2434 1354 2473 quum
1384 2424 1516 2459 autem

313 2514 432 2553 semel
454 2527 588 2554 veram
603 2514 836 2567 scripturam
850 2513 1132 2566 inquinavisset
1147 2542 1158 2562 ,
1177 2511 1314 2551 deinde
1328 2516 1363 2549 A
1379 2511 1427 2550 de
1442 2525 1512 2550 suo

310 2609 455 2645 temere
492 2605 684 2645 addidisse
727 2610 770 2645 ut
813 2604 931 2645 finem
960 2604 1138 2644 vocabuli
1168 2604 1263 2642 vitio
1290 2603 1373 2642 nati
1403 2616 1517 2656 prac-
