1924 3118
927 372 985 409 56

356 519 585 559 persuasum
613 507 687 546 sibi
714 507 833 547 habet
861 510 1095 547 sententiam
1122 522 1240 560 quam
1270 509 1364 548 dicit
1388 522 1559 559 pravam

357 610 441 637 esse
481 598 514 637 is
529 627 540 648 ,
578 598 734 650 opinor,
778 598 905 637 vietus
946 602 1018 638 est.
1047 598 1189 638 Orator
1218 612 1295 639 non
1323 602 1405 638 tam
1435 599 1567 651 inepte

358 689 465 741 loqui
505 689 658 740 potuit3
699 688 799 727 nihil
838 688 945 727 aliud
985 688 1078 727 dicit
1119 701 1238 740 quam
1281 689 1378 727 hoc:
1423 687 1559 727 adver-

357 780 478 819 sarios
519 792 608 818 suos
647 792 698 817 ne
739 779 811 817 hoc
852 779 1008 830 quidem
1043 779 1171 830 ipsum
1203 779 1334 818 videre
1364 792 1404 818 se
1433 778 1483 818 ad
1512 791 1559 818 ea

356 869 515 910 tendere
570 881 671 921 quae
709 869 863 921 assequi
902 882 980 908 non
1022 873 1206 921 possunt;
1249 882 1367 922 quam
1408 872 1561 907 senten-

357 962 453 1000 tiam
479 961 625 1012 optime
653 960 848 1011 exprimes
872 961 904 998 si
918 960 1115 998 levissima
1129 960 1344 998 mutatione
1359 959 1559 1003 ἀδυνάτους

357 1049 506 1099 ἔχουσιν
548 1050 762 1089 mutaveris
803 1050 843 1088 in
871 1048 1063 1093 οὶδυνοέτω,·
1091 1049 1268 1097 ἐχούσας.
1299 1049 1441 1088 Orator
1470 1054 1557 1101 post

354 1137 513 1187 γνώμας
549 1138 779 1189 εἰσφέρουσιν
818 1140 901 1192 ipse
928 1152 969 1179 se
996 1140 1155 1192 corrigit
1184 1153 1253 1192 pro
1283 1138 1440 1186 γνώμα,-
1471 1138 1560 1178 sub-

357 1231 524 1270 stituens
571 1229 721 1278 εὐχὰςς
764 1233 976 1282 utrumque
1019 1231 1236 1269 necessario
1278 1222 1328 1268 ad
1367 1230 1555 1273 ἀδυνάτως

356 1319 523 1369 ἐχούσας
551 1321 745 1372 pertinere
773 1320 900 1359 debet.

410 1410 498 1451 Lib.
541 1410 617 1449 XI.
659 1410 756 1462 Cap.
787 1412 850 1449 25.
881 1410 966 1448 init.
995 1404 1032 1448 ἓν
1061 1407 1156 1458 ἔφην
1184 1409 1466 1456 ἀπολελυμένον
1496 1409 1560 1454 ἤδη
1600 1396 1603 1397 ⁷

338 1555 340 1557 v
357 1500 560 1548 στρατείας
583 1500 660 1538 διὰ
684 1500 765 1539 τὸν
788 1499 877 1547 χρό
887 1514 905 1537 ν
919 1513 935 1538 ο
947 1513 977 1538 ν.
994 1499 1146 1539 Ultima
1161 1500 1351 1538 vocabula
1365 1500 1462 1538 mihi
1477 1501 1562 1551 qui-

355 1591 444 1631 dem
481 1591 611 1630 minus
638 1591 806 1642 placent.
839 1590 1044 1641 Nusquam
1074 1589 1203 1639 enim,
1231 1589 1366 1639 cred0,
1395 1590 1469 1628 nisi
1498 1589 1562 1628 hic

355 1680 569 1733 Dionysius
596 1679 839 1719 vacationem
867 1679 1030 1718 militiae
1045 1679 1088 1717 ob
1105 1683 1267 1717 aetatem
1281 1679 1337 1717 ita
1353 1680 1557 1731 exprimit:

354 1770 415 1809 δια
443 1770 507 1809 τὸν
533 1773 677 1818 χρόνον.
709 1771 873 1822 Saepius
900 1771 1024 1808 utitur
1054 1774 1184 1808 noster
1212 1783 1283 1821 pro
1312 1783 1357 1807 eo
1380 1767 1454 1816 ὥρα
1471 1783 1503 1808 e.
1521 1784 1559 1821 g.

350 1862 438 1902 Lib.
469 1861 521 1901 X.
550 1875 582 1901 o.
611 1863 675 1901 43.
705 1856 737 1900 οἳ
766 1859 1045 1910 στρατεύεσθαι
1070 1859 1139 1907 μὲν
1154 1856 1576 1911 οὔκετιᾶἰρανεῖχον;·

347 1943 422 2002 vaut
461 1951 554 1992 dicit
588 1951 604 1990 ὁ
633 1953 764 2001 χρόνος
793 1955 861 2001 τῆς
892 1950 1039 1997 ἡλικίας
1068 1954 1113 1991 ut
1145 1951 1233 1991 Lib.
1263 1951 1338 1991 VI.
1369 1965 1400 1991 c.
1433 1953 1469 1991 9.
1502 1949 1554 1997 οἷς

349 2041 542 2090 ἀφεῖσθαι
587 2043 792 2090 στρατείας
832 2040 854 2081 δ’
891 2056 934 2080 τε
975 2042 1150 2090 χρόνος
1195 2043 1211 2080 ὁ
1255 2046 1324 2086 τῆς
1353 2043 1556 2087 ἡλικίας

350 2132 592 2172 ἀποδέδωκεν.
636 2133 713 2172 Sed
740 2133 840 2172 nihil
866 2137 1019 2172 mutare
1047 2133 1170 2172 audeo
1200 2146 1322 2184 quum
1351 2146 1421 2184 pro
1448 2137 1554 2172 certo

350 2237 429 2264 non
455 2223 623 2264 habeam
645 2224 851 2264 lectionem
865 2223 1040 2264 codicum
1055 2223 1272 2263 scribarum
1285 2223 1408 2263 errori
1427 2224 1553 2276 impu-

351 2313 512 2354 tandam
540 2326 636 2354 esse.

405 2404 494 2443 Lib.
536 2404 612 2444 XI.
655 2417 739 2457 cap.
782 2406 832 2444 26
874 2408 913 2444 et
955 2406 1018 2443 27.
1036 2404 1165 2444 .Siocii
1193 2404 1330 2444 caedes
1358 2409 1553 2445 narratur.

352 2494 576 2534 Proditores
602 2495 668 2534 isti
696 2495 839 2535 milites
865 2495 1007 2547 quibus
1034 2494 1262 2535 mandatum
1290 2499 1375 2534 erat
1403 2500 1448 2534 ut
1475 2469 1556 2535 Sicss

353 2584 456 2624 oium
497 2585 760 2625 interficerent
798 2598 887 2625 eum
923 2598 1001 2625 non
1038 2599 1150 2638 posse
1187 2586 1291 2626 vinci
1319 2589 1358 2625 et
1389 2586 1556 2627 interfici
