1924 3118
966 383 1014 419 13

392 520 482 558 licet
510 519 578 558 sed
605 519 722 558 etiam
750 532 907 570 prorsus
933 532 957 557 a
978 532 1021 558 re
1034 519 1191 570 publica
1204 515 1374 569 gerenda
1391 516 1590 555 abstinere

394 609 520 663 debet.
548 609 659 649 Idem
689 610 828 649 vitium
857 610 1059 662 Kiessling
1087 610 1190 649 tollit
1219 608 1307 648 Lib.
1337 608 1388 647 V.
1419 621 1452 646 c.
1472 609 1505 646 1.
1523 606 1590 645 ubi

395 701 455 738 vir
495 701 594 739 doct.
626 704 665 739 et
693 701 867 752 sequitur
894 701 934 739 id
961 701 1065 752 quod
1093 713 1188 739 sana
1215 700 1315 738 ratio
1344 698 1516 750 postulat
1548 700 1587 735 et

397 791 508 829 firmo
537 790 741 829 Urbinatis
769 791 908 830 codicis
935 790 1169 829 adminiculo
1198 789 1352 829 nititur.

450 881 538 920 Lib.
580 881 642 920 IV
686 895 717 920 c.
748 883 811 920 84.
848 882 1012 934 legimus
1040 881 1207 923 κοέκεῖνος
1236 880 1495 923 ἀπολύσας
1523 880 1591 926 τὴν

400 970 601 1015 ἐκκλησίαν
630 971 823 1010 ἐκέλευσεν
851 969 1030 1015 ἅπαντας
1060 969 1157 1016 ἥκειν
1185 972 1239 1016 εἷς
1266 970 1307 1009 τὸ
1332 969 1477 1014 πεδίον,
1495 968 1591 1008 ἔνθα

397 1061 557 1107 σύνηθες
586 1063 714 1107 αὐτοῖς
743 1059 783 1105 ἦν
808 1062 1122 1110 ἀρχαιρεσιάζειν.
1141 1063 1217 1107 Qui
1232 1062 1455 1100 concionem
1469 1060 1594 1111 plebis

395 1156 465 1193 aut
506 1157 685 1193 senatum
712 1153 874 1193 dimittit
902 1153 1044 1193 dicitur
1074 1150 1238 1192 διαλύειν
1267 1155 1335 1202 τὴν
1366 1151 1592 1196 ἐκκλησίαν,

396 1244 459 1283 τὸν
487 1240 686 1290 σύλλογον.
716 1243 819 1283 Vide
849 1243 962 1283 modo
991 1244 1195 1297 exempla:
1225 1244 1312 1283 Lib.
1342 1243 1441 1283 VII.
1471 1257 1503 1283 c.
1530 1242 1596 1283 14.

396 1336 463 1373 fin.
505 1339 530 1383 η’
569 1334 637 1381 μὲν
667 1310 851 1378 ἐκκλησία
880 1333 1070 1379 διελύετο,
1101 1348 1185 1387 cap.
1217 1337 1278 1374 17.
1306 1335 1480 1386 ejusdem
1506 1335 1597 1373 libri

396 1427 524 1465 τοῦτον
566 1426 629 1465 τὸν
671 1425 779 1473 νόμον
808 1425 1115 1475 ἐπιψηφίσαντες
1142 1425 1175 1465 οἱ
1204 1424 1390 1474 δήμαρχοι
1421 1424 1597 1464 διέλυσαν

397 1516 463 1560 τὴν
495 1516 724 1566 ἐκκλησίαν;
756 1520 795 1555 et
823 1517 871 1555 de
898 1520 1037 1556 senatu
1065 1517 1153 1555 Lib.
1183 1516 1262 1555 III.
1293 1529 1325 1555 e.
1357 1518 1421 1555 23.
1451 1515 1598 1554 διέλυσε

397 1606 460 1646 τὸν
503 1605 702 1653 σύλλογον.
745 1606 834 1645 Lib.
873 1606 947 1646 IV.
978 1620 1010 1646 ο.
1041 1608 1103 1647 37.
1133 1610 1260 1646 ταῦτα
1289 1606 1518 1656 διαλεχθεὶς
1548 1631 1598 1635 -

396 1676 542 1735 διέλυσε
570 1697 633 1736 τὸν
662 1698 863 1744 σύλλογον.
894 1697 982 1737 Lib.
1012 1698 1064 1737 V.
1098 1700 1160 1738 72.
1190 1699 1257 1738 fin.
1287 1697 1532 1744 διαλυθείσης
1560 1697 1597 1736 δὲ

396 1791 464 1837 τῆς
504 1787 646 1837 βουλῆς
674 1792 747 1828 cet.
776 1788 864 1828 Lib.
895 1788 969 1828 VI.
1000 1802 1033 1829 c.
1063 1790 1126 1829 67.
1155 1788 1241 1828 init.
1270 1792 1399 1828 ταῦτα
1427 1787 1597 1832 εἰπόντες

397 1878 571 1917 διέλυσαν
600 1880 662 1919 τὸν
691 1883 891 1925 σύλλογον.
919 1880 1008 1919 Lib.
1038 1879 1100 1919 VI
1129 1893 1161 1929 c.
1191 1881 1253 1919 69.
1282 1879 1386 1925 μετὰ
1414 1879 1595 1918 δὲταῦτα

395 1972 462 2013 τῆς
503 1968 646 2016 βουλῆς
683 1969 928 2015 διαλυθείσης
957 1973 1030 2009 cet.
1061 1969 1157 2009 Post
1184 1969 1281 2009 haec
1308 1970 1491 2022 exempla
1518 1983 1596 2010 non

396 2058 653 2099 dubitandum
696 2064 755 2099 est
801 2060 896 2113 quin
941 2060 1139 2105 ἀπολύσας
1190 2060 1421 2099 mutandum
1463 2061 1514 2099 sit
1556 2060 1597 2098 in

353 2203 357 2207 ἑ
396 2151 595 2196 διαλύσας.
639 2152 729 2191 Non
756 2152 910 2192 obstare
937 2153 1035 2191 mihi
1061 2152 1216 2191 videtur
1243 2152 1331 2191 Lib.
1361 2152 1436 2191 VI.
1466 2165 1499 2191 c.
1533 2153 1593 2191 10.

398 2241 460 2281 καὶ
502 2243 518 2282 ὂ
558 2242 767 2291 Ποστόμιος
809 2266 860 2315 -.-
903 2242 1092 2282 ἀπέλυσεν
1136 2243 1215 2295 (τὸν
1256 2242 1389 2294 δῆμον)
1428 2242 1492 2281 ε’πὶ
1522 2242 1596 2288 τὰς

397 2333 540 2380 τάξεις.
579 2335 667 2373 Lib.
712 2334 786 2373 VI.
833 2347 865 2373 c.
909 2336 973 2374 43.
1017 2333 1221 2382 Οὐαλέριος
1247 2357 1301 2363 -
1327 2333 1499 2372 οὶπέλυσε
1532 2334 1595 2373 τὸν

396 2426 509 2473 δῆμον
537 2425 615 2465 ἀπὸ
647 2429 712 2470 τῆς
742 2425 944 2474 στρατείας
972 2425 1060 2465 Lib.
1088 2426 1186 2465 VII.
1215 2439 1248 2465 c.
1278 2428 1314 2465 6.
1343 2424 1515 2465 ἀπέλυσε
1529 2425 1596 2470 τὴν

395 2516 597 2568 ἐκκλησίαν
639 2518 731 2569 (τῶν
775 2519 1053 2570 στρατιωτῶν),
1094 2518 1163 2558 ubi
1201 2530 1327 2558 sermo
1353 2522 1412 2558 est
1439 2531 1519 2558 non
1548 2517 1596 2558 de
1665 2527 1668 2529 ’

394 2608 510 2662 plebe
539 2622 665 2662 neque
692 2609 740 2648 de
770 2613 929 2661 senatu,
959 2609 1027 2649 sed
1054 2609 1102 2650 de
1130 2610 1332 2650 militibus.
