1924 3118
952 327 1001 363 32

371 462 589 501 abutuntur
618 461 824 501 clientibus
853 462 933 501 suis
956 466 1143 515 tanquam
1167 463 1394 516 mancipiis:
1411 463 1498 504 Lib.
1515 464 1571 504 ΙΙ.

369 566 401 592 c.
448 555 485 592 9.
528 555 593 591 καὶ
640 549 754 591 ὁπότε
795 553 849 600 μὴ
894 552 1072 601 πράξειάν
1115 568 1152 592 τι
1188 556 1260 592 τῶν
1299 554 1547 602 κελευομένων
1564 588 1574 603 ,

369 642 529 690 πληγὰς
560 643 779 688 ἐντείνοντες
812 646 877 682 καὶ
902 640 1036 682 τᾶλλα
1061 642 1181 692 ὥσπερ
1209 644 1572 693 ἀργυρωνήτοις

369 733 686 783 παραχρώμενοι,
721 733 798 775 κτὲ.
829 734 916 773 Lib.
945 733 1008 773 IX
1038 747 1069 774 c.
1099 735 1162 774 40.
1192 747 1281 774 eum
1310 735 1377 787 qui
1392 739 1572 789 stuprum

367 838 456 863 cum
484 825 637 875 virgine
664 824 810 863 Vestae
841 825 985 863 fecerat
1016 827 1051 862 ἐν
1079 825 1201 874 ἀγορᾷ
1230 825 1408 872 μάστιξιν
1422 826 1586 874 ocima-d·-

365 929 467 961 μενοι
511 916 690 962 καθάπερ
727 913 1034 962 ἀνδράποδον
1062 914 1303 954 ἀπέκτειναν.
1335 917 1422 956 Lib.
1451 916 1503 956 X.
1534 930 1567 956 0.

363 1007 401 1048 4.
431 1018 536 1051 τινκς
549 1006 625 1044 τῶν
644 1003 790 1052 ἀπόρων
806 1006 870 1043 καὶ
890 1004 1175 1053 ἀπερριμμένων
1191 1029 1241 1034 -
1256 1004 1432 1051 παίοντες
1447 1003 1568 1054 ὥσπερ

366 1096 651 1145 ἀνδράποδα
674 1096 844 1144 ἀνεῖργον
872 1097 912 1133 ἐκ
937 1101 1002 1144 τῆ,
1029 1098 1183 1143 ἀγορᾶς.
1201 1096 1278 1135 Sed
1291 1097 1397 1148 quid,
1413 1109 1568 1148 quaeso,

365 1189 439 1227 sibi
480 1188 566 1227 vult
606 1188 750 1226 milites
792 1187 859 1238 qui
903 1186 1120 1225 caeduntur
1149 1187 1212 1226 vel
1235 1187 1321 1238 jam
1348 1187 1449 1226 caesi
1477 1191 1569 1226 sunt
1616 1241 1626 1248 l

364 1283 552 1331 tanquam
582 1278 787 1330 mancipiis
815 1278 958 1317 abuti?
986 1278 1248 1330 Exspectares
1270 1279 1418 1331 aliquid
1432 1279 1568 1331 hujus-

363 1367 535 1408 cemodi:
569 1367 767 1406 Romanos
797 1367 988 1406 cadavera
1013 1380 1212 1407 caesorum
1240 1369 1467 1419 mutilasse3
1496 1369 1563 1408 sed

362 1459 575 1512 probabilis
617 1458 774 1509 quidem
815 1459 1038 1508 conjectura
1079 1459 1175 1497 mihi
1217 1460 1257 1497 in
1289 1463 1460 1498 mentem
1489 1472 1568 1498 non

363 1550 484 1589 venit.

418 1639 506 1679 Lib.
536 1639 634 1679 VII.
665 1652 697 1679 c.
729 1641 764 1678 6.
794 1638 890 1678 haec
914 1639 1180 1691 legimusznm'
1197 1638 1300 1687 μετὰ
1315 1644 1422 1680 τοῦτο
1437 1641 1566 1678 καλῶν

360 1730 413 1775 εἷς
449 1732 518 1778 τὴν
547 1730 662 1768 αὑτοῦ
691 1733 826 1778 σκηνὴν
855 1729 941 1774 τοὺ,-
972 1728 1342 1777 πονηροτοέτους
1373 1729 1414 1775 ἐξ
1439 1730 1565 1767 αὐτῶν

361 1818 424 1858 uxi
454 1818 559 1857 κατὰ
587 1823 704 1867 χεῖρα
732 1822 1040 1865 γενναιοτάτους,
1070 1819 1149 1859 κτὲ.
1180 1819 1453 1859 Aristodemus
1481 1820 1562 1859 dux

360 1910 641 1960 Cumanorum,
656 1923 698 1949 re
713 1913 848 1949 contra
863 1909 1078 1948 Hetruscos
1092 1909 1255 1948 feliciter
1270 1913 1392 1961 gesta,
1404 1910 1561 1948 domum

358 2014 537 2039 reversus
570 2001 730 2039 consilia
756 2001 882 2052 agitat
911 2000 959 2039 de
986 1999 1224 2051 reipublicae
1246 2004 1353 2039 statu
1374 2000 1415 2038 in
1433 2000 1561 2051 patria

358 2105 430 2131 sua
469 2104 538 2143 per
581 2091 662 2130 vim
703 2090 894 2130 mutando
934 2094 973 2130 et
1001 2093 1114 2129 vocat
1142 2090 1183 2128 in
1206 2090 1418 2129 tentorium
1446 2102 1559 2129 suum

356 2181 563 2221 nonnullos
592 2193 689 2233 quos
721 2180 795 2219 sibi
822 2181 944 2219 socios
972 2180 1116 2219 faceret
1141 2180 1181 2218 in
1204 2180 1277 2218 hoc
1291 2180 1461 2219 facinore
1474 2193 1560 2232 per·

354 2271 557 2324 petrando.
583 2270 662 2310 Sed
689 2283 790 2322 quae
814 2270 972 2323 tandem
987 2283 1104 2310 causa
1120 2273 1178 2310 est
1192 2283 1261 2310 our
1273 2270 1560 2309 scelestissimos

354 2362 455 2414 (τοὺ,-
496 2360 785 2411 πονηροτάτους)
828 2374 1003 2413 quosque
1044 2361 1229 2413 eligeret,
1268 2373 1346 2400 non
1371 2373 1464 2400 vero
1493 2373 1559 2400 eos

356 2466 523 2506 quorum
547 2453 752 2492 audaciam
778 2453 819 2491 in
843 2452 946 2491 bello
969 2456 1108 2491 exacto
1131 2452 1394 2504 cognovisset?
1411 2450 1559 2490 Censeo

352 2544 394 2583 in
436 2542 707 2592 πονηροτάτους
756 2542 941 2582 mendum
983 2543 1105 2582 latere
1146 2547 1184 2582 et
1225 2542 1415 2597 Dionysio
1445 2555 1559 2582 suum
