1924 3118
965 311 1015 350 46

382 450 481 488 ferat
519 450 587 489 sed
627 454 789 502 quaerat
818 450 1009 502 quomodo
1038 464 1182 503 poenas
1211 452 1259 490 de
1286 453 1363 491 illis
1394 451 1589 504 sumeret,

381 540 414 578 si
441 540 571 579 minus
598 541 676 579 alia
704 541 854 580 ratione
883 544 924 580 at
950 541 1144 593 suffragiis
1160 555 1169 593 ;
1186 542 1289 594 quod
1304 543 1517 596 Dionysius
1531 544 1593 583 his

383 631 513 669 verbis
537 632 775 682 expressisse
798 636 981 670 narratur
997 646 1005 669 :
1023 634 1087 669 καὶ
1106 632 1214 678 ὑμεῖς
1229 638 1357 671 ταῦτα
1374 632 1591 682 πάσχοντες

381 720 575 770 ἀνέχεσθε
618 723 683 760 καὶ
726 721 766 760 οὐ
804 721 979 771 ζητεῖτε,
1009 726 1107 768 ὅπως
1137 725 1226 771 παρ’
1257 723 1380 763 αὐτῶν
1409 725 1587 774 λήψεσθε

380 812 508 857 δίκαις,
552 817 642 857 wei,-
681 817 769 858 γοῦν
807 812 974 862 ψήφοις,
1010 814 1047 851 ἐν
1077 810 1138 858 αἷς
1166 813 1297 861 μόναις
1328 815 1471 862 ἔξεστιν
1499 817 1586 864 ὑμῖν

378 903 657 950 ἀποδείξασθαι
699 905 765 948 τὴν
809 903 1041 952 ἐλευθερίκν.
1089 905 1138 944 In
1179 907 1249 944 tali
1278 908 1472 947 sententia
1499 921 1587 947 cum

378 997 425 1044 γε’
468 1001 507 1037 et
546 1002 636 1044 γοῦν
676 998 756 1037 fere
793 1011 945 1050 semper
973 999 1223 1050 conjungitur
1251 997 1322 1038 κᾶν
1350 1000 1381 1038 εἰ
1410 1000 1487 1046 μή,
1518 1001 1587 1040 κᾶν

376 1089 407 1127 εἱ
445 1088 560 1136 μηδὲν
597 1086 696 1128 ἄλλο
734 1089 819 1128 sim.
858 1090 958 1128 conf.
997 1102 1029 1128 e.
1068 1090 1131 1128 51.
1171 1090 1237 1128 fin.
1269 1090 1385 1142 hujus
1413 1091 1526 1131 libri:
1555 1087 1595 1149 οἳγ

376 1183 445 1218 κᾶν
488 1180 519 1218 εἷ
563 1179 685 1227 μηθὲν
729 1184 824 1219 ἄλλο
867 1180 934 1224 τήν
971 1179 1018 1226 γέ
1057 1193 1111 1218 τοι
1149 1177 1262 1226 δόξαν
1302 1185 1370 1225 τῆς
1400 1180 1585 1228 ἀξιώσεως

375 1271 525 1320 ἔχουσιν
564 1272 745 1319 εὐπρεπῆ.
784 1272 872 1311 Lib.
913 1272 988 1311 VI.
1029 1286 1061 1311 c.
1098 1274 1161 1311 62.
1190 1273 1275 1312 init.
1306 1275 1376 1311 κᾶν
1405 1274 1436 1311 εἰ
1464 1274 1518 1320 μὴ
1547 1275 1585 1312 ἐν

376 1363 540 1410 ἀρχαῖς,
568 1362 687 1411 χρόνῳ
710 1367 801 1408 γοῦν
830 1359 978 1410 ὕστερον
995 1386 1045 1391 -
1063 1362 1115 1401 τὰ
1130 1359 1234 1401 ὅπλα
1251 1363 1383 1410 λαβὼν
1402 1363 1489 1410 ὑμῖν
1505 1366 1584 1402 ἐπι-

377 1452 555 1496 θήσεται.
594 1452 748 1497 Quibus
784 1452 975 1504 exemplis
1012 1452 1135 1491 fretus
1164 1452 1337 1505 suspicor
1364 1457 1450 1506 post
1479 1453 1585 1499 δίκας

376 1545 565 1583 nonnulla
591 1544 782 1582 excidisse
810 1547 849 1581 et
879 1544 1112 1582 sententiam
1138 1545 1192 1582 sie
1220 1545 1299 1583 fere
1326 1545 1366 1583 in
1389 1546 1586 1596 integrum

375 1636 529 1674 restitui
552 1647 685 1686 posse:
712 1657 762 1662 —
789 1633 918 1679 δίκας,
946 1635 1033 1672 κᾶν
1064 1633 1104 1672 εἶ
1133 1633 1306 1680 μηδενὶ
1335 1633 1468 1683 ἄλλῳ
1496 1638 1584 1679 ταῖς

372 1729 461 1773 γοῦν
494 1725 639 1774 ψήφοις
681 1728 753 1764 eet.
799 1723 942 1763 Statim
972 1725 1174 1776 sequitur:
1204 1724 1297 1763 ἀλλ’
1326 1723 1381 1764 ἔτι
1406 1727 1470 1764 καὶ
1496 1729 1579 1768 νῦν,

373 1814 398 1853 ὦ
449 1815 638 1862 δημόται,
692 1814 869 1862 Φρόνημοι
921 1811 1110 1860 λαβόντες
1154 1816 1347 1863 ἐλεύθερον
1390 1817 1472 1853 καὶ
1515 1816 1578 1855 τὸν

372 1907 597 1955 γεωμαρικὸν
631 1903 740 1952 νόμον
770 1929 819 1934 ——
850 1903 1116 1953 ἐπικυρώσατε.
1147 1905 1317 1955 Sensus,
1345 1906 1420 1945 nisi
1444 1907 1577 1956 fallor,

370 1998 533 2051 requirit
571 2001 615 2036 ut
657 2010 728 2049 pro
765 1997 901 2049 partic.
930 1993 1120 2043 λαβόντες
1147 1996 1430 2036 substituamus
1457 1998 1577 2049 impe-

368 2090 539 2129 rativum
555 2119 565 2139 ,
594 2089 767 2140 alioquin
797 2101 962 2139 sequens
990 2089 1056 2126 καὶ
1072 2100 1230 2140 prorsus
1245 2100 1577 2139 supervacaneum

367 2184 468 2219 esset
497 2181 575 2218 imo
603 2179 791 2217 odiosum.
820 2177 967 2223 Quodsi
995 2178 1245 2230 participium
1272 2179 1441 2217 retinere
1463 2180 1576 2218 malis

368 2272 552 2310 continuo
593 2282 747 2308 mecum
789 2281 995 2320 expungas
1018 2269 1222 2307 molestam
1251 2269 1575 2320 conjunctionem.

367 2361 455 2400 Hoc
483 2361 588 2400 enim
616 2360 764 2399 Siccius
793 2359 948 2412 plebem
971 2363 1123 2398 monet:
1149 2358 1307 2399 tandem
1330 2359 1474 2400 liberos
1498 2360 1574 2412 spi-

366 2453 466 2491 ritus
496 2452 638 2491 sumite
667 2455 706 2490 et
735 2451 862 2503 legem
889 2451 1085 2502 agrariam
1112 2451 1285 2499 sancite,
1311 2463 1388 2489 non
1403 2455 1574 2490 verozet
