1924 3118
926 311 975 347 36

349 444 526 491 λούμενον
576 447 720 484 Ἴουλον
778 448 819 484 ἐκ
870 448 944 484 τῶν
1001 446 1437 497 Φιλοδημοτικῶν,
1491 450 1557 485 xxi

352 534 502 573 Κόιντον
556 535 700 582 Φάβιον
753 537 940 581 Καίσωνος
992 537 1067 575 υἱὸν
1110 537 1153 575 τὸ
1194 536 1360 585 δεύτερον
1401 537 1443 574 ἐκ
1484 539 1560 574 τῶν

350 625 681 675 ἀριστοκρατικῶν.
733 627 830 673 Quis
881 629 984 667 enim
1037 642 1211 680 unquam
1256 628 1559 678 φιλοδημοτικῶν

352 719 481 771 legere
519 721 677 772 potuit?
716 720 842 760 Nemo
871 721 1018 773 opinor.
1048 720 1192 761 Misere
1218 721 1316 760 illud
1329 723 1421 770 Φιλο
1438 721 1560 761 abun·

350 809 440 861 dat,
487 811 671 862 quoniam
713 811 881 864 simplex
926 811 1123 859 δημοτικός
1167 813 1283 865 plane
1311 811 1414 851 idem
1442 812 1560 865 signi-

350 901 442 939 ficat
483 906 602 953 atque
638 902 860 950 φιλόδημος.
900 903 1043 942 Procul
1082 903 1199 941 dubio
1235 907 1370 941 auctor
1406 903 1560 955 scripsit

343 992 562 1041 φιλοδήμων
606 997 649 1032 ut
693 993 781 1032 Lib.
830 993 905 1033 IX.
947 1007 979 1032 c.
1025 995 1061 1033 2.
1092 992 1206 1032 δοκῶν
1236 991 1273 1031 δὲ
1304 995 1369 1032 καὶ
1399 993 1461 1032 τὸν
1491 993 1559 1041 πρὸ

345 1089 409 1123 τοῦ
450 1086 585 1134 χρόνου
630 1085 734 1137 (lege
759 1084 904 1139 χρόνον)
938 1080 1032 1123 εἶναι
1061 1084 1292 1136 Φιλόδημος,
1321 1083 1375 1123 ἔτι
1407 1089 1557 1132 μᾶλλον

349 1176 391 1214 ἐκ
424 1175 569 1221 ταύτης
596 1180 664 1225 τῆς
694 1175 932 1223 στρατηγίας
961 1176 1194 1224 ἐθεράπευσε
1211 1176 1253 1215 τὸ
1271 1178 1435 1225 πλῆθος.
1453 1175 1558 1214 Fieri
1612 1215 1626 1225 s

349 1268 477 1319 potuit
507 1272 551 1306 ut
583 1264 755 1320 sequens*
779 1268 1096 1316 ἀριστοκρατικῶν
1123 1268 1291 1307 scribam
1317 1269 1366 1306 in·
1386 1281 1556 1307 errorem

348 1358 562 1410 induxerit,
579 1372 656 1411 quo
669 1372 747 1398 non
763 1360 887 1398 solum
903 1359 1083 1412 Dionysii
1097 1363 1252 1399 textum
1267 1360 1406 1400 misere
1421 1359 1556 1412 depra-

348 1450 457 1489 vavit
486 1449 555 1489 sed
581 1450 701 1489 etiam
716 1451 844 1490 lexico.
858 1454 992 1490 nostra
1006 1451 1194 1491 vocabulo
1209 1452 1348 1490 vitioso
1366 1451 1553 1491 oneravit.

402 1542 651 1581 Vocabulum
674 1543 880 1594 antiquum
900 1547 939 1581 et
961 1544 1156 1595 poeticum
1185 1542 1301 1581 ἀδόκ
1315 1556 1426 1587 ητος
1455 1542 1557 1594 quod

346 1612 492 1684 legitur
528 1638 569 1673 et
597 1634 684 1673 aliis
713 1634 806 1673 locis
836 1634 901 1685 (cf.
932 1634 1019 1674 Lib.
1050 1634 1129 1673 111.
1161 1648 1192 1673 ο.
1223 1636 1285 1673 64.
1316 1634 1404 1673 Lib.
1434 1633 1555 1673 vm.

346 1736 380 1761 c.
411 1724 493 1774 55.)
521 1727 561 1763 et
590 1723 679 1763 Lib.
709 1723 784 1763 IX.
814 1737 847 1764 c.
879 1726 915 1764 5.
945 1723 979 1763 εἴ
992 1738 1050 1770 τις
1065 1723 1173 1773 ἑτέρα
1190 1722 1349 1772 δύναμις
1366 1722 1553 1771 πολεμίων

347 1816 389 1853 ἐκ
415 1818 480 1854 τοῦ
510 1800 755 1860 ἀδοκητου
783 1816 936 1866 φανείη,
951 1816 1145 1855 usitatiori
1159 1815 1433 1864 ἀπροσδόκητος
1447 1814 1558 1854 cedat

347 1919 425 1945 non
454 1919 611 1946 necesse
640 1911 725 1957 est3
756 1906 1005 1959 Thucydides
1032 1907 1137 1946 enim
1163 1907 1247 1958 ipse
1276 1919 1556 1958 nonnunquam

344 1996 465 2035 verbo
507 1996 673 2048 simplici
717 1997 855 2035 utitur.
904 1996 1115 2036 Praeterea
1143 1996 1375 2048 Dionysius,
1404 2000 1448 2035 ut
1475 1997 1556 2035 fere

346 2099 479 2126 omnes
509 2087 697 2137 seriores,
726 2090 833 2126 amat
862 2087 1025 2139 antiqua
1052 2090 1091 2125 et
1118 2087 1290 2139 poetica,
1306 2085 1409 2138 quod
1423 2087 1462 2124 in
1477 2086 1555 2124 fine

345 2178 508 2229 hujusce
537 2178 714 2229 opusculi
743 2178 942 2216 nonnullis
970 2178 1160 2229 exemplis
1184 2178 1301 2229 paulo
1331 2177 1555 2228 diligentius

346 2268 613 2308 demonstrare
642 2268 821 2308 conabor.

402 2360 490 2399 Lib.
535 2359 610 2398 IX.
655 2374 686 2398 e.
735 2362 772 2398 9.
816 2358 859 2405 ἐξ
899 2356 946 2397 ὦν
983 2358 1020 2396 δὲ
1049 2358 1282 2407 παρέστηκεν
1309 2363 1400 2408 ἡμῖν
1428 2364 1557 2397 ταῦτα

349 2451 575 2490 ’ὑποπτεύειν
617 2451 656 2491 οὐ
698 2453 928 2497 μάντεις,
948 2451 1043 2487 ε’σὶν
1084 2450 1164 2489 οὐδὲ
1193 2449 1432 2500 στοχασμοί,
1459 2450 1552 2488 ἀλλ’

349 2540 446 2590 ἔργα
491 2542 659 2591 ἐμφανῆ.
703 2541 852 2592 Nemo,
892 2541 1049 2593 opinor,
1085 2541 1305 2580 admonitus
1341 2553 1419 2580 non
1465 2553 1554 2579 con-
