1924 3118
940 365 988 401 37

362 500 472 539 cedet
499 502 654 546 μάντεις
681 500 909 539 mendosum
937 513 1031 539 esse.
1064 500 1222 552 Exigua
1237 514 1329 541 vero
1346 503 1564 542 mutatione

327 579 330 581 Α
364 589 525 630 habebis
566 590 605 629 id
648 591 751 643 quod
792 577 927 630 sensus
968 591 1185 638 necessario
1228 593 1391 645 requirit
1422 605 1562 645 nempe

363 684 562 732 μα’ντειαι,
602 682 705 734 quod
734 682 878 734 optime
905 682 1111 734 respondet
1139 683 1389 735 sequentibus
1419 696 1564 732 στοχα-

367 772 457 818 σμοί
506 778 544 812 et
594 771 688 820 ἔργα
740 774 909 821 ἐμφανῆ.
962 773 1189 813 Absurdum
1238 775 1342 813 enim
1392 779 1451 814 est
1494 775 1567 814 hoc

365 864 510 905 dicere:
554 878 711 904 causam
738 865 856 917 hujus
884 865 1111 918 suspicionis
1138 877 1215 904 non
1246 869 1351 904 vates
1378 864 1564 918 praebue-

363 959 455 995 runt
481 968 552 994 nec
580 956 845 1007 conjecturae,
875 955 943 995 sed
966 956 1172 994 manifesta
1196 956 1312 994 facta.
1330 954 1442 996 Conf.
1460 967 1561 1007 quae

366 1049 550 1099 leguntur
590 1047 676 1085 Lib.
720 1047 794 1085 IX.
832 1060 865 1085 c.
894 1049 957 1085 31.
986 1046 1076 1084 ἀλλ’
1107 1047 1232 1084 ἐκεῖνα
1260 1045 1327 1091 μὲν
1356 1045 1559 1089 αἰσθήσεσι

366 1141 431 1178 καὶ
472 1137 617 1179 πάθεσι
658 1137 1084 1189 καταλαμβανόμεθα,
1125 1141 1253 1176 ταῦτα
1294 1136 1331 1175 δὲ
1363 1137 1562 1184 μαντείαις

365 1233 430 1270 καὶ
459 1229 587 1278 δόξαις
615 1230 823 1280 εἰκάζομεν.

420 1322 668 1361 Intercidisse
691 1322 787 1361 mihi
801 1321 956 1361 videtur
970 1320 1162 1373 particula
1175 1320 1263 1360 Lib.
1279 1320 1354 1359 IX.
1371 1334 1403 1360 c.
1423 1322 1484 1359 12.
1498 1312 1567 1359 ubi

365 1414 530 1466 legimus
546 1428 554 1452 :
584 1414 615 1452 εἰ
644 1413 713 1460 μὲν
726 1408 786 1452 οὖν
805 1413 1077 1460 ἐταμιεύσαντο
1092 1415 1160 1462 τὴν
1176 1415 1366 1462 παροῦσαν
1382 1412 1566 1463 εὐτυχίαν

365 1507 430 1544 καὶ
455 1503 515 1544 δια
544 1507 723 1555 φυλακῆς
747 1506 848 1554 εἶχον
875 1504 939 1545 τὸν
965 1502 1149 1554 χάρακα,
1180 1503 1252 1549 τας
1281 1519 1324 1545 τε
1347 1504 1565 1551 ἀποσκευὰς

363 1598 438 1634 τῶν
467 1596 658 1644 Ῥωμαίων
686 1593 876 1645 κατέσχον
906 1600 978 1636 cet.
1008 1596 1057 1635 In
1085 1596 1243 1649 apodosi
1269 1593 1316 1634 ἄν
1341 1596 1473 1636 deesse
1486 1609 1565 1636 non

364 1691 517 1739 potest,
546 1688 649 1739 quod
674 1688 786 1727 facile
810 1688 989 1727 excidere
1017 1688 1145 1740 potuit
1172 1692 1331 1739 propter
1346 1687 1564 1726 similitudi-

364 1791 455 1818 nem
495 1778 656 1818 ultimae
684 1778 858 1831 syllabae
886 1778 996 1818 verbi
1024 1778 1290 1831 praecedentis
1318 1776 1563 1828 κατέσχΟΝ.

362 1870 452 1909 Non
481 1871 577 1910 solet
607 1871 648 1909 in
676 1871 746 1909 tali
772 1883 815 1910 re
845 1874 977 1909 noster
1000 1883 1024 1909 a
1039 1870 1234 1909 constanti
1251 1847 1425 1910 omnium
1441 1869 1562 1911 Grae-

361 1975 493 2000 corum
522 1960 799 2000 consuetudine
827 1964 973 1999 temere
1003 1961 1233 2013 discrepare.
1266 1961 1314 2000 cf.
1345 1961 1433 2001 Lib.
1462 1962 1560 2002 VII.

360 2065 392 2091 c.
423 2054 484 2091 53.
513 2052 613 2091 med.
644 2051 675 2089 εἷ
704 2050 742 2089 δὲ
770 2050 957 2089 τάναντία
987 2051 1089 2097 ἡμᾶς
1114 2050 1344 2097 ἐγίγνωσκες
1369 2051 1562 2096 ἐπιτηδεύ-

359 2156 460 2187 οντες
501 2166 552 2170 -
587 2141 627 2180 τί
664 2139 719 2180 ἂν
757 2142 845 2188 ἡμῖν
886 2140 1018 2180 τούτου
1051 2140 1317 2189 συνεβούλευες
1339 2141 1444 2191 ἔργον
1474 2142 1561 2183 ὑπο-

359 2236 484 2280 μεῖναι
515 2232 732 2281 δεινότερονς
763 2231 850 2271 Lib.
879 2231 1001 2271 VIII.
1032 2245 1064 2272 c.
1094 2234 1157 2272 86.
1186 2233 1218 2272 εἰ
1244 2233 1314 2280 μὲν
1339 2228 1398 2272 οὖν
1417 2232 1562 2280 ἐπὶτῆς

360 2325 447 2365 τότε
477 2326 577 2370 νίκης
605 2325 791 2372 διέμειναν
820 2347 870 2353 -
900 2324 1016 2364 καλὸν
1049 2322 1105 2363 ἂν
1134 2324 1264 2370 αὐτοῖς
1288 2325 1438 2375 εἶλήφει
1453 2325 1561 2372 τέλος

361 2417 378 2456 ὁ
408 2417 536 2465 ἀγών,
568 2419 744 2464 Ῥωμαῖοι
772 2416 849 2465 γὰρ
878 2416 943 2456 οὐκ
969 2418 1025 2455 ἂν
1050 2415 1254 2463 ὑπέμειναν
1269 2421 1342 2456 cet.
1358 2416 1447 2457 Lib.
1464 2417 1560 2457 VII.

362 2523 394 2549 c.
434 2511 496 2549 50.
534 2509 615 2559 fin3
652 2509 739 2548 Lib.
771 2508 892 2548 VIII.
924 2522 957 2547 c.
987 2510 1049 2549 45.
1080 2509 1178 2560 init3
1207 2508 1294 2547 Lib.
1324 2508 1400 2548 IX.
1430 2522 1463 2548 c.
1495 2511 1558 2548 39.

360 2601 460 2641 med.
491 2605 529 2640 et
559 2601 655 2640 alios
682 2601 899 2653 complures
927 2601 1041 2640 locos.
