1924 3118
931 365 982 402 52

359 503 465 542 canti
510 504 576 540 καὶ
617 501 647 540 εἰ
684 502 724 540 in
753 501 806 549 μὴ
836 500 906 552 δὴ,
935 514 1013 554 qua
1039 503 1261 553 conjectura
1287 503 1439 543 fumum
1466 505 1565 556 sugi-

358 597 468 632 entes
484 623 494 643 ,
514 597 558 632 ut
588 593 730 632 dieitur
750 622 760 642 ,
788 593 829 630 in
859 593 1056 631 flammam
1082 593 1300 632 incidimus.
1330 593 1434 638 Quid
1461 595 1565 633 enim

357 684 483 736 magis
526 684 589 723 hio
632 697 656 723 a
697 696 792 723 sana
830 683 980 722 ratione
1017 683 1188 722 alienum
1215 688 1274 724 est
1301 697 1420 736 quam
1446 697 1564 737 nega·

355 749 441 813 tie?
486 773 743 825 Aliquamdiu
784 773 925 813 dubius
963 774 1071 813 haesi
1110 787 1160 813 an
1197 774 1297 813 forte
1322 774 1561 826 probabilius

355 868 457 904 esset
485 866 552 902 xxi
581 863 651 914 δὴ;
680 863 747 902 sed
774 867 973 915 praestat,
1003 867 1048 902 ut
1076 863 1173 902 mihi
1202 863 1358 915 quidem
1386 864 1560 914 videtur,

354 956 564 995 molestum
606 954 637 993 εἶ
680 967 927 1007 expungere,
966 967 1037 993 nec
1063 954 1272 1006 quicquam
1299 967 1369 1006 pro
1401 967 1446 994 eo
1474 954 1564 994 sub-

352 1046 526 1085 stituere.

407 1137 498 1176 Lib.
537 1136 589 1176 X.
630 1150 662 1176 e.
693 1138 730 1175 2.
761 1135 801 1182 ἐξ
830 1135 971 1180 ἐκείνης
1000 1139 1068 1180 τῆς
1111 1136 1432 1185 φιλονεικίαις
1459 1136 1560 1174 οἰνω-

353 1227 536 1272 κτήσετοιι
565 1231 613 1275 τῇ
642 1228 752 1264 πόλει
776 1228 969 1275 συμφοραί.
999 1226 1106 1265 Nota
1120 1226 1343 1266 confusione
1356 1227 1558 1266 literarum

351 1323 403 1356 EI
439 1321 479 1357 et
504 1323 519 1356 1
552 1317 700 1357 editum
728 1321 787 1356 est
810 1316 1062 1366 φιλονΕΙκίας
1090 1330 1161 1369 pro
1187 1317 1427 1368 φιλονΙκίκςς
1453 1318 1555 1357 idem

352 1409 495 1447 vitium
538 1407 777 1460 deprehendi
803 1412 842 1447 et
869 1408 963 1447 alibi
986 1411 1026 1447 et
1055 1408 1142 1447 Lib.
1172 1408 1247 1447 XI.
1277 1421 1310 1448 c.
1339 1410 1402 1448 22.
1431 1416 1559 1448 λειπο-

351 1497 537 1546 στρατίοιν
564 1498 651 1550 lege
677 1497 965 1546 λιποστρατίοιν.

405 1589 494 1628 Lib.
523 1588 576 1628 X.
605 1602 638 1628 c.
672 1590 732 1627 14.
762 1587 936 1633 πλεύσας
963 1587 1000 1626 δὲ
1029 1587 1090 1626 διὰ
1114 1591 1178 1627 τοῦ
1206 1588 1461 1637 Τεβέρεως
1489 1604 1556 1629 πο-

348 1682 487 1726 ταμοῦ.
531 1679 704 1718 Urbinas
739 1678 806 1718 dat
834 1677 1013 1726 Τεβέριος
1042 1678 1145 1731 quod
1172 1679 1435 1731 praetulerim.
1465 1679 1555 1732 Ipse

349 1769 551 1829 Kiessling
580 1769 778 1808 meliorem
805 1769 1011 1808 formulam
1039 1773 1203 1821 usurpat
1230 1769 1318 1808 Lib.
1345 1769 1423 1807 III.
1441 1782 1473 1808 c.
1488 1771 1552 1808 25.

350 1859 532 1908 Τεβέριος
558 1859 601 1898 τὸ
629 1860 763 1908 ρεῡμκ.
796 1872 829 1898 e.
858 1860 923 1899 44.
953 1872 985 1898 e.
1016 1860 1080 1898 55.
1108 1863 1147 1898 et
1175 1859 1281 1899 alibi.

404 1950 492 1989 Lib.
520 1950 572 1989 X.
602 1963 635 1988 c.
665 1952 728 1988 27.
758 1949 791 1988 οἱ
821 1949 891 1996 μὲν
920 1946 1056 1988 ὕπατοι
1086 1953 1154 1998 τὴν
1179 1949 1323 1998 βουλὴν
1336 1949 1553 1997 συνήγαγον

347 2041 406 2085 ὡς
452 2038 536 2088 περὶ
580 2043 655 2078 τῶν
700 2037 793 2078 δ’λων
835 2039 1001 2089 ἔσχατον
1042 2042 1151 2079 τοῦτο
1190 2039 1550 2088 βουλευόμενοι

351 2131 415 2171 Sic
458 2130 660 2182 Kiessling
700 2130 822 2170 edidit
866 2144 916 2170 ex
953 2130 1117 2182 Urbin.;
1148 2131 1215 2170 alii
1242 2135 1378 2171 eontra
1404 2131 1552 2171 codices

347 2222 537 2261 exhibent
578 2222 756 2261 futurum
795 2218 1085 2269 βουλευσόμενοι
1125 2221 1249 2274 quod,
1278 2235 1366 2261 mea
1395 2222 1552 2274 quidem

346 2313 562 2363 sententia,
590 2312 870 2365 reponendum.

402 2402 489 2443 Lib.
521 2402 574 2441 X.
605 2415 637 2441 e.
669 2404 997 2449 37.-καὶμετὰ
1026 2401 1221 2441 πάντων
1249 2402 1313 2441 καὶ
1330 2401 1397 2441 σὺν
1411 2402 1553 2449 ὀλίγοις

349 2491 411 2530 καὶ
441 2489 563 2539 μόνος.
593 2492 642 2530 In
670 2492 777 2531 hisce
802 2493 906 2538 μετὰ
934 2491 1084 2530 πάντων
1112 2506 1189 2532 non
1216 2498 1321 2533 recte
1335 2494 1431 2533 mihi
1445 2494 1552 2533 vide-

347 2587 413 2623 tur
441 2583 648 2623 convenire
675 2595 764 2622 cum
791 2584 970 2635 sequenti
999 2583 1065 2622 σὺν
1093 2583 1260 2636 ὀλίγοιςς
1287 2585 1550 2637 multomagis
