<?xml version="1.0" encoding="UTF-8"?>
<!DOCTYPE html PUBLIC "-//W3C//DTD XHTML 1.0 Transitional//EN"
    "http://www.w3.org/TR/xhtml1/DTD/xhtml1-transitional.dtd">
<html xmlns="http://www.w3.org/1999/xhtml" xml:lang="en" lang="en">
 <head>
  <title>
</title>
<meta http-equiv="Content-Type" content="text/html;charset=utf-8" />
  <meta name='ocr-system' content='tesseract 3.04.00' />
  <meta name='ocr-capabilities' content='ocr_page ocr_carea ocr_par ocr_line ocrx_word'/>
</head>
<body>
  <div class='ocr_page' id='page_1' title='image "4737901_0085.png"; bbox 0 0 1924 3118; ppageno 0'>
   <div class='ocr_carea' id='block_1_1' title="bbox 344 310 1546 2254">
    <p class='ocr_par' dir='ltr' id='par_1_1' title="bbox 344 310 1539 522">
     <span class='ocr_line' id='line_1_1' title="bbox 925 310 974 370; baseline 0 0"><span class='ocrx_word' id='word_1_1' title='bbox 925 310 974 370; x_wconf 61' lang='lat'>69</span> 
     </span>
     <span class='ocr_line' id='line_1_2' title="bbox 344 469 1539 522; baseline -0.002 -12"><span class='ocrx_word' id='word_1_2' title='bbox 344 472 392 510; x_wconf 85' lang='lat' dir='ltr'>cf.</span> <span class='ocrx_word' id='word_1_3' title='bbox 420 472 521 510; x_wconf 84' lang='lat' dir='ltr'><strong>Iliad</strong></span> <span class='ocrx_word' id='word_1_4' title='bbox 548 472 626 511; x_wconf 86' lang='lat' dir='ltr'>III.</span> <span class='ocrx_word' id='word_1_5' title='bbox 655 474 724 522; x_wconf 80' lang='lat'>73,</span> <span class='ocrx_word' id='word_1_6' title='bbox 754 474 827 522; x_wconf 87' lang='lat'>94,</span> <span class='ocrx_word' id='word_1_7' title='bbox 854 473 940 509; x_wconf 90' lang='lat'>105.</span> <span class='ocrx_word' id='word_1_8' title='bbox 958 470 1104 509; x_wconf 83' lang='lat' dir='ltr'>Herod.</span> <span class='ocrx_word' id='word_1_9' title='bbox 1122 470 1195 509; x_wconf 89' lang='lat' dir='ltr'>IV.</span> <span class='ocrx_word' id='word_1_10' title='bbox 1213 472 1287 509; x_wconf 88' lang='grc'>201</span> <span class='ocrx_word' id='word_1_11' title='bbox 1304 484 1313 520; x_wconf 89' lang='grc'>;</span> <span class='ocrx_word' id='word_1_12' title='bbox 1330 469 1428 508; x_wconf 87' lang='lat' dir='ltr'>VII.</span> <span class='ocrx_word' id='word_1_13' title='bbox 1449 472 1539 509; x_wconf 85' lang='lat'>132.</span> 
     </span>
    </p>

    <p class='ocr_par' dir='ltr' id='par_1_2' title="bbox 346 559 1545 797">
     <span class='ocr_line' id='line_1_3' title="bbox 401 559 1544 609; baseline -0.003 -9"><span class='ocrx_word' id='word_1_14' title='bbox 401 562 487 600; x_wconf 87' lang='lat' dir='ltr'><strong>Lib.</strong></span> <span class='ocrx_word' id='word_1_15' title='bbox 510 563 583 601; x_wconf 89' lang='lat' dir='ltr'>VI.</span> <span class='ocrx_word' id='word_1_16' title='bbox 608 576 639 601; x_wconf 87' lang='lat' dir='ltr'>c.</span> <span class='ocrx_word' id='word_1_17' title='bbox 664 565 727 601; x_wconf 84' lang='lat'>93.</span> <span class='ocrx_word' id='word_1_18' title='bbox 751 561 851 606; x_wconf 72' lang='grc' dir='ltr'><em>Τοὺς</em></span> <span class='ocrx_word' id='word_1_19' title='bbox 874 560 1093 609; x_wconf 73' lang='grc' dir='ltr'><strong><em>κρατίστους</em></strong></span> <span class='ocrx_word' id='word_1_20' title='bbox 1117 563 1192 598; x_wconf 79' lang='grc' dir='ltr'>τῶν</span> <span class='ocrx_word' id='word_1_21' title='bbox 1208 562 1297 598; x_wconf 83' lang='grc' dir='ltr'><em>νεῶν</em></span> <span class='ocrx_word' id='word_1_22' title='bbox 1321 559 1544 608; x_wconf 73' lang='grc' dir='ltr'><em>ἀρωγοὺς</em></span> 
     </span>
     <span class='ocr_line' id='line_1_4' title="bbox 347 650 1545 704; baseline 0 -16"><span class='ocrx_word' id='word_1_23' title='bbox 347 650 449 698; x_wconf 69' lang='grc' dir='ltr'>αὐτῷ</span> <span class='ocrx_word' id='word_1_24' title='bbox 478 652 634 698; x_wconf 80' lang='grc' dir='ltr'><em>πέμπει.</em></span> <span class='ocrx_word' id='word_1_25' title='bbox 663 652 836 692; x_wconf 86' lang='lat' dir='ltr'>Homero</span> <span class='ocrx_word' id='word_1_26' title='bbox 859 656 898 691; x_wconf 85' lang='lat' dir='ltr'>et</span> <span class='ocrx_word' id='word_1_27' title='bbox 923 652 1098 704; x_wconf 81' lang='lat' dir='ltr'>Tragicis</span> <span class='ocrx_word' id='word_1_28' title='bbox 1121 652 1308 691; x_wconf 82' lang='lat' dir='ltr'>usitatum</span> <span class='ocrx_word' id='word_1_29' title='bbox 1324 654 1382 690; x_wconf 84' lang='lat' dir='ltr'>est</span> <span class='ocrx_word' id='word_1_30' title='bbox 1397 650 1545 699; x_wconf 70' lang='grc' dir='ltr'><em>ἀρωγός</em></span> 
     </span>
     <span class='ocr_line' id='line_1_5' title="bbox 346 743 1180 797; baseline 0.001 -16"><span class='ocrx_word' id='word_1_31' title='bbox 346 755 422 794; x_wconf 94' lang='lat' dir='ltr'>quo</span> <span class='ocrx_word' id='word_1_32' title='bbox 449 743 636 783; x_wconf 81' lang='lat' dir='ltr'>vocabulo</span> <span class='ocrx_word' id='word_1_33' title='bbox 664 757 822 797; x_wconf 81' lang='lat' dir='ltr'>perraro</span> <span class='ocrx_word' id='word_1_34' title='bbox 847 743 973 783; x_wconf 83' lang='lat' dir='ltr'>Attici</span> <span class='ocrx_word' id='word_1_35' title='bbox 1000 747 1180 782; x_wconf 81' lang='lat' dir='ltr'>utuntur.</span> 
     </span>
    </p>

    <p class='ocr_par' dir='ltr' id='par_1_3' title="bbox 346 833 1546 1328">
     <span class='ocr_line' id='line_1_6' title="bbox 400 833 1546 887; baseline 0 -15"><span class='ocrx_word' id='word_1_36' title='bbox 400 834 487 872; x_wconf 87' lang='lat' dir='ltr'>Lib.</span> <span class='ocrx_word' id='word_1_37' title='bbox 524 835 575 874; x_wconf 90' lang='lat' dir='ltr'>V.</span> <span class='ocrx_word' id='word_1_38' title='bbox 614 849 646 874; x_wconf 82' lang='lat' dir='ltr'>o.</span> <span class='ocrx_word' id='word_1_39' title='bbox 680 837 742 874; x_wconf 89' lang='grc'>68.</span> <span class='ocrx_word' id='word_1_40' title='bbox 778 857 828 865; x_wconf 89' lang='grc'>-</span> <span class='ocrx_word' id='word_1_41' title='bbox 861 837 926 873; x_wconf 83' lang='grc' dir='ltr'>καὶ</span> <span class='ocrx_word' id='word_1_42' title='bbox 956 834 1064 881; x_wconf 73' lang='grc' dir='ltr'><em>μέγα</em></span> <span class='ocrx_word' id='word_1_43' title='bbox 1091 835 1142 881; x_wconf 79' lang='grc' dir='ltr'>τῷ</span> <span class='ocrx_word' id='word_1_44' title='bbox 1172 834 1273 887; x_wconf 80' lang='grc' dir='ltr'><em>κοινῷ</em></span> <span class='ocrx_word' id='word_1_45' title='bbox 1303 833 1423 881; x_wconf 80' lang='grc' dir='ltr'><em>κέρδος</em></span> <span class='ocrx_word' id='word_1_46' title='bbox 1452 833 1546 872; x_wconf 81' lang='grc' dir='ltr'><em>ὑπο·-</em></span> 
     </span>
     <span class='ocr_line' id='line_1_7' title="bbox 346 923 1544 974; baseline 0.001 -12"><span class='ocrx_word' id='word_1_47' title='bbox 346 923 583 972; x_wconf 77' lang='grc' dir='ltr'><em>λοιμβοὶνειν,</em></span> <span class='ocrx_word' id='word_1_48' title='bbox 626 924 691 964; x_wconf 73' lang='grc' dir='ltr'>ἐὰν</span> <span class='ocrx_word' id='word_1_49' title='bbox 733 923 876 970; x_wconf 73' lang='grc' dir='ltr'><em>ἑκόντες</em></span> <span class='ocrx_word' id='word_1_50' title='bbox 912 925 988 965; x_wconf 70' lang='grc' dir='ltr'>ἀπὸ</span> <span class='ocrx_word' id='word_1_51' title='bbox 1026 929 1094 970; x_wconf 80' lang='grc' dir='ltr'>τῆς</span> <span class='ocrx_word' id='word_1_52' title='bbox 1123 925 1266 970; x_wconf 69' lang='grc' dir='ltr'><em>πόλεως</em></span> <span class='ocrx_word' id='word_1_53' title='bbox 1304 925 1544 974; x_wconf 64' lang='grc' dir='ltr'><em>ἀποφθα-</em></span> 
     </span>
     <span class='ocr_line' id='line_1_8' title="bbox 346 1016 1541 1062; baseline 0.002 -9"><span class='ocrx_word' id='word_1_54' title='bbox 346 1018 465 1062; x_wconf 83' lang='grc' dir='ltr'><em>ρῶσιν.</em></span> <span class='ocrx_word' id='word_1_55' title='bbox 490 1016 684 1055; x_wconf 87' lang='lat' dir='ltr'><strong>Ultimum</strong></span> <span class='ocrx_word' id='word_1_56' title='bbox 706 1017 938 1056; x_wconf 84' lang='lat' dir='ltr'>vocabulum</span> <span class='ocrx_word' id='word_1_57' title='bbox 961 1017 1057 1055; x_wconf 83' lang='lat' dir='ltr'>mihi</span> <span class='ocrx_word' id='word_1_58' title='bbox 1072 1016 1224 1056; x_wconf 81' lang='lat' dir='ltr'>videtur</span> <span class='ocrx_word' id='word_1_59' title='bbox 1240 1017 1304 1055; x_wconf 85' lang='lat' dir='ltr'>hio</span> <span class='ocrx_word' id='word_1_60' title='bbox 1318 1017 1417 1055; x_wconf 89' lang='lat' dir='ltr'><strong>nihil</strong></span> <span class='ocrx_word' id='word_1_61' title='bbox 1433 1017 1541 1055; x_wconf 84' lang='lat' dir='ltr'>aliud</span> 
     </span>
     <span class='ocr_line' id='line_1_9' title="bbox 346 1108 1541 1161; baseline 0.002 -16"><span class='ocrx_word' id='word_1_62' title='bbox 346 1108 563 1158; x_wconf 84' lang='lat' dir='ltr'>significare</span> <span class='ocrx_word' id='word_1_63' title='bbox 604 1121 721 1159; x_wconf 81' lang='lat' dir='ltr'>quam</span> <span class='ocrx_word' id='word_1_64' title='bbox 763 1109 978 1161; x_wconf 80' lang='lat' dir='ltr'>diseedere,</span> <span class='ocrx_word' id='word_1_65' title='bbox 1016 1109 1136 1146; x_wconf 80' lang='lat' dir='ltr'>abire.</span> <span class='ocrx_word' id='word_1_66' title='bbox 1167 1108 1419 1159; x_wconf 80' lang='lat' dir='ltr'>Antiquiores</span> <span class='ocrx_word' id='word_1_67' title='bbox 1448 1121 1541 1147; x_wconf 81' lang='lat' dir='ltr'>vero</span> 
     </span>
     <span class='ocr_line' id='line_1_10' title="bbox 346 1185 1543 1251; baseline 0.001 -15"><span class='ocrx_word' id='word_1_68' title='bbox 346 1197 656 1247; x_wconf 66' lang='grc' dir='ltr'><em>οὶποφθείρεσθοιι</em></span> <span class='ocrx_word' id='word_1_69' title='bbox 683 1198 724 1237; x_wconf 92' lang='lat' dir='ltr'>in</span> <span class='ocrx_word' id='word_1_70' title='bbox 752 1185 896 1238; x_wconf 64' lang='lat' dir='ltr'>maiam</span> <span class='ocrx_word' id='word_1_71' title='bbox 922 1202 1073 1250; x_wconf 82' lang='lat' dir='ltr'>partem</span> <span class='ocrx_word' id='word_1_72' title='bbox 1097 1199 1270 1251; x_wconf 82' lang='lat' dir='ltr'>accipere</span> <span class='ocrx_word' id='word_1_73' title='bbox 1285 1199 1421 1238; x_wconf 83' lang='lat' dir='ltr'>solent.</span> <span class='ocrx_word' id='word_1_74' title='bbox 1440 1197 1543 1238; x_wconf 85' lang='lat' dir='ltr'>Vide</span> 
     </span>
     <span class='ocr_line' id='line_1_11' title="bbox 348 1288 874 1328; baseline 0 -1"><span class='ocrx_word' id='word_1_75' title='bbox 348 1288 471 1328; x_wconf 79' lang='lat' dir='ltr'>Arist.</span> <span class='ocrx_word' id='word_1_76' title='bbox 502 1288 637 1328; x_wconf 88' lang='lat' dir='ltr'>Nubes</span> <span class='ocrx_word' id='word_1_77' title='bbox 667 1290 754 1328; x_wconf 81' lang='lat'>789.</span> <span class='ocrx_word' id='word_1_78' title='bbox 786 1290 874 1327; x_wconf 78' lang='lat'>790.</span> 
     </span>
    </p>

    <p class='ocr_par' dir='ltr' id='par_1_4' title="bbox 455 1378 1337 1523">
     <span class='ocr_line' id='line_1_12' title="bbox 717 1378 1307 1429; baseline 0 -11"><span class='ocrx_word' id='word_1_79' title='bbox 717 1380 783 1418; x_wconf 84' lang='grc' dir='ltr'><em>οὒκ</em></span> <span class='ocrx_word' id='word_1_80' title='bbox 811 1381 848 1422; x_wconf 79' lang='grc' dir='ltr'>ἐς</span> <span class='ocrx_word' id='word_1_81' title='bbox 875 1378 1036 1427; x_wconf 74' lang='grc' dir='ltr'><em>κόρακας</em></span> <span class='ocrx_word' id='word_1_82' title='bbox 1064 1381 1307 1429; x_wconf 67' lang='grc' dir='ltr'><em>ἀποφθερεῖ,</em></span> 
     </span>
     <span class='ocr_line' id='line_1_13' title="bbox 455 1469 1337 1523; baseline 0.001 -15"><span class='ocrx_word' id='word_1_83' title='bbox 455 1469 759 1517; x_wconf 71' lang='grc' dir='ltr'><strong><em>ἐπιλησμότατον</em></strong></span> <span class='ocrx_word' id='word_1_84' title='bbox 786 1472 852 1509; x_wconf 66' lang='grc' dir='ltr'>καὶ</span> <span class='ocrx_word' id='word_1_85' title='bbox 880 1469 1103 1510; x_wconf 61' lang='grc' dir='ltr'><em>σκαιόν-οιτον</em></span> <span class='ocrx_word' id='word_1_86' title='bbox 1131 1471 1337 1523; x_wconf 79' lang='grc' dir='ltr'><em>γερόντιον;</em></span> 
     </span>
    </p>

    <p class='ocr_par' dir='ltr' id='par_1_5' title="bbox 346 1561 1544 1797">
     <span class='ocr_line' id='line_1_14' title="bbox 402 1561 1543 1612; baseline 0.001 -11"><span class='ocrx_word' id='word_1_87' title='bbox 402 1562 490 1601; x_wconf 86' lang='lat' dir='ltr'>Lib.</span> <span class='ocrx_word' id='word_1_88' title='bbox 520 1561 638 1601; x_wconf 93' lang='lat' dir='ltr'>VIII.</span> <span class='ocrx_word' id='word_1_89' title='bbox 669 1575 701 1601; x_wconf 87' lang='lat' dir='ltr'>c.</span> <span class='ocrx_word' id='word_1_90' title='bbox 731 1563 794 1601; x_wconf 87' lang='lat'>35.</span> <span class='ocrx_word' id='word_1_91' title='bbox 823 1563 888 1599; x_wconf 75' lang='grc' dir='ltr'>καὶ</span> <span class='ocrx_word' id='word_1_92' title='bbox 918 1566 1039 1608; x_wconf 77' lang='grc' dir='ltr'><em>γονεῖς</em></span> <span class='ocrx_word' id='word_1_93' title='bbox 1064 1561 1213 1608; x_wconf 73' lang='grc' dir='ltr'><em>δούλους</em></span> <span class='ocrx_word' id='word_1_94' title='bbox 1236 1563 1320 1602; x_wconf 72' lang='grc' dir='ltr'><em>ἀντ’</em></span> <span class='ocrx_word' id='word_1_95' title='bbox 1338 1562 1543 1612; x_wconf 64' lang='grc' dir='ltr'><em>ἐλευθέρων</em></span> 
     </span>
     <span class='ocr_line' id='line_1_15' title="bbox 347 1653 1544 1702; baseline 0.004 -11"><span class='ocrx_word' id='word_1_96' title='bbox 347 1654 409 1692; x_wconf 83' lang='grc' dir='ltr'>ἐπὶ</span> <span class='ocrx_word' id='word_1_97' title='bbox 440 1653 592 1702; x_wconf 79' lang='grc' dir='ltr'><em>γήρως</em></span> <span class='ocrx_word' id='word_1_98' title='bbox 630 1653 743 1701; x_wconf 80' lang='grc' dir='ltr'><em>οὐδῷ</em></span> <span class='ocrx_word' id='word_1_99' title='bbox 782 1653 1014 1701; x_wconf 73' lang='grc' dir='ltr'><em>γενομένους.</em></span> <span class='ocrx_word' id='word_1_100' title='bbox 1057 1654 1223 1695; x_wconf 82' lang='lat' dir='ltr'>Dicendi</span> <span class='ocrx_word' id='word_1_101' title='bbox 1252 1657 1352 1695; x_wconf 81' lang='lat' dir='ltr'>ratio</span> <span class='ocrx_word' id='word_1_102' title='bbox 1380 1670 1430 1696; x_wconf 83' lang='lat' dir='ltr'>ex</span> <span class='ocrx_word' id='word_1_103' title='bbox 1459 1657 1544 1697; x_wconf 90' lang='lat' dir='ltr'>Ho-</span> 
     </span>
     <span class='ocr_line' id='line_1_16' title="bbox 346 1745 1541 1797; baseline 0.003 -13"><span class='ocrx_word' id='word_1_104' title='bbox 346 1759 452 1785; x_wconf 86' lang='lat' dir='ltr'>mero</span> <span class='ocrx_word' id='word_1_105' title='bbox 481 1745 703 1797; x_wconf 81' lang='lat' dir='ltr'>depromta;</span> <span class='ocrx_word' id='word_1_106' title='bbox 732 1758 765 1784; x_wconf 90' lang='lat' dir='ltr'>e.</span> <span class='ocrx_word' id='word_1_107' title='bbox 794 1758 831 1796; x_wconf 90' lang='lat' dir='ltr'>g.</span> <span class='ocrx_word' id='word_1_108' title='bbox 861 1745 908 1784; x_wconf 90' lang='lat' dir='ltr'>de</span> <span class='ocrx_word' id='word_1_109' title='bbox 932 1745 1090 1785; x_wconf 84' lang='lat' dir='ltr'>Priamo</span> <span class='ocrx_word' id='word_1_110' title='bbox 1105 1746 1218 1785; x_wconf 79' lang='lat' dir='ltr'>Iliad.</span> <span class='ocrx_word' id='word_1_111' title='bbox 1234 1746 1373 1786; x_wconf 91' lang='lat' dir='ltr'>XXII.</span> <span class='ocrx_word' id='word_1_112' title='bbox 1391 1749 1463 1797; x_wconf 88' lang='lat'>60,</span> <span class='ocrx_word' id='word_1_113' title='bbox 1479 1750 1541 1787; x_wconf 89' lang='grc'>61.</span> 
     </span>
    </p>

    <p class='ocr_par' dir='ltr' id='par_1_6' title="bbox 397 1835 1529 1893">
     <span class='ocr_line' id='line_1_17' title="bbox 397 1835 1529 1893; baseline 0.004 -19"><span class='ocrx_word' id='word_1_114' title='bbox 397 1835 587 1885; x_wconf 77' lang='grc' dir='ltr'><em>δύσμορον,</em></span> <span class='ocrx_word' id='word_1_115' title='bbox 616 1839 653 1875; x_wconf 82' lang='grc' dir='ltr'>ὃν</span> <span class='ocrx_word' id='word_1_116' title='bbox 681 1838 725 1885; x_wconf 81' lang='grc' dir='ltr'>ῥα</span> <span class='ocrx_word' id='word_1_117' title='bbox 754 1839 879 1886; x_wconf 75' lang='grc' dir='ltr'><em>ποιτὴρ</em></span> <span class='ocrx_word' id='word_1_118' title='bbox 906 1837 1075 1885; x_wconf 76' lang='grc' dir='ltr'><em>Κρονίδης</em></span> <span class='ocrx_word' id='word_1_119' title='bbox 1103 1837 1164 1876; x_wconf 79' lang='grc' dir='ltr'>ἐπὶ</span> <span class='ocrx_word' id='word_1_120' title='bbox 1194 1838 1379 1886; x_wconf 65' lang='grc' dir='ltr'><em>γήραος</em></span> <span class='ocrx_word' id='word_1_121' title='bbox 1410 1839 1529 1893; x_wconf 80' lang='grc' dir='ltr'><em>οὐδῷ</em></span> 
     </span>
    </p>

    <p class='ocr_par' dir='ltr' id='par_1_7' title="bbox 399 1928 1050 1981">
     <span class='ocr_line' id='line_1_18' title="bbox 399 1928 1050 1981; baseline 0.003 -14"><span class='ocrx_word' id='word_1_122' title='bbox 399 1928 486 1978; x_wconf 64' lang='grc' dir='ltr'>αἴσῃ</span> <span class='ocrx_word' id='word_1_123' title='bbox 517 1929 552 1967; x_wconf 83' lang='grc' dir='ltr'>ἕν</span> <span class='ocrx_word' id='word_1_124' title='bbox 580 1929 754 1981; x_wconf 71' lang='grc' dir='ltr'><em>ἀργαλέῃ</em></span> <span class='ocrx_word' id='word_1_125' title='bbox 781 1928 942 1981; x_wconf 73' lang='grc' dir='ltr'>φθίσει,</span> <span class='ocrx_word' id='word_1_126' title='bbox 971 1930 1050 1970; x_wconf 81' lang='grc' dir='ltr'>κτὲ.</span> 
     </span>
    </p>

    <p class='ocr_par' dir='ltr' id='par_1_8' title="bbox 345 2020 1543 2254">
     <span class='ocr_line' id='line_1_19' title="bbox 399 2020 1537 2070; baseline 0 -10"><span class='ocrx_word' id='word_1_127' title='bbox 399 2021 486 2061; x_wconf 89' lang='lat' dir='ltr'>Lib.</span> <span class='ocrx_word' id='word_1_128' title='bbox 515 2021 635 2061; x_wconf 89' lang='lat' dir='ltr'>VIII.</span> <span class='ocrx_word' id='word_1_129' title='bbox 665 2035 696 2060; x_wconf 83' lang='lat' dir='ltr'>c.</span> <span class='ocrx_word' id='word_1_130' title='bbox 725 2023 788 2061; x_wconf 88' lang='lat'>40.</span> <span class='ocrx_word' id='word_1_131' title='bbox 817 2022 954 2064; x_wconf 80' lang='grc' dir='ltr'><em>κλέος</em></span> <span class='ocrx_word' id='word_1_132' title='bbox 982 2021 1118 2070; x_wconf 68' lang='grc' dir='ltr'><em>ἀρετῆς</em></span> <span class='ocrx_word' id='word_1_133' title='bbox 1143 2020 1339 2061; x_wconf 63' lang='grc' dir='ltr'><em>ἀθάνατον</em></span> <span class='ocrx_word' id='word_1_134' title='bbox 1369 2021 1537 2069; x_wconf 81' lang='grc' dir='ltr'><em>ἐγγόνοις</em></span> 
     </span>
     <span class='ocr_line' id='line_1_20' title="bbox 345 2111 1542 2159; baseline 0.002 -10"><span class='ocrx_word' id='word_1_135' title='bbox 345 2116 421 2156; x_wconf 71' lang='grc' dir='ltr'><em>τοῖς</em></span> <span class='ocrx_word' id='word_1_136' title='bbox 458 2111 639 2159; x_wconf 71' lang='grc' dir='ltr'><em>ἐσομένοις</em></span> <span class='ocrx_word' id='word_1_137' title='bbox 677 2117 918 2152; x_wconf 72' lang='grc' dir='ltr'>καταλιπεῖν.</span> <span class='ocrx_word' id='word_1_138' title='bbox 961 2113 1139 2152; x_wconf 89' lang='lat' dir='ltr'>Primum</span> <span class='ocrx_word' id='word_1_139' title='bbox 1176 2113 1408 2152; x_wconf 82' lang='lat' dir='ltr'>vocabulum</span> <span class='ocrx_word' id='word_1_140' title='bbox 1429 2113 1542 2152; x_wconf 81' lang='lat' dir='ltr'>haud</span> 
     </span>
     <span class='ocr_line' id='line_1_21' title="bbox 345 2176 1543 2254; baseline 0.001 -13"><span class='ocrx_word' id='word_1_141' title='bbox 345 2176 460 2254; x_wconf 81' lang='lat' dir='ltr'>saepe</span> <span class='ocrx_word' id='word_1_142' title='bbox 500 2204 707 2244; x_wconf 83' lang='lat' dir='ltr'>adhibetur</span> <span class='ocrx_word' id='word_1_143' title='bbox 746 2204 796 2242; x_wconf 83' lang='lat' dir='ltr'>ab</span> <span class='ocrx_word' id='word_1_144' title='bbox 837 2203 981 2242; x_wconf 80' lang='lat' dir='ltr'>Atticis</span> <span class='ocrx_word' id='word_1_145' title='bbox 997 2234 1007 2253; x_wconf 87' lang='lat'>,</span> <span class='ocrx_word' id='word_1_146' title='bbox 1035 2204 1332 2242; x_wconf 75' lang='lat' dir='ltr'>usitatissimum</span> <span class='ocrx_word' id='word_1_147' title='bbox 1361 2216 1453 2242; x_wconf 84' lang='lat' dir='ltr'>vero</span> <span class='ocrx_word' id='word_1_148' title='bbox 1484 2207 1543 2242; x_wconf 81' lang='lat' dir='ltr'>est</span> 
     </span>
    </p>
   </div>
   <div class='ocr_carea' id='block_1_2' title="bbox 349 2295 1549 2437">
    <p class='ocr_par' dir='ltr' id='par_1_9' title="bbox 349 2295 1549 2437">
     <span class='ocr_line' id='line_1_22' title="bbox 349 2295 533 2334; baseline -0.005 0"><span class='ocrx_word' id='word_1_149' title='bbox 349 2295 533 2334; x_wconf 87' lang='lat' dir='ltr'>Homero.</span> 
     </span>
     <span class='ocr_line' id='line_1_23' title="bbox 399 2383 1549 2437; baseline 0 -13"><span class='ocrx_word' id='word_1_150' title='bbox 399 2385 578 2425; x_wconf 85' lang='lat' dir='ltr'>Eundem</span> <span class='ocrx_word' id='word_1_151' title='bbox 620 2388 774 2437; x_wconf 85' lang='lat' dir='ltr'>poetam</span> <span class='ocrx_word' id='word_1_152' title='bbox 815 2383 1027 2436; x_wconf 81' lang='lat' dir='ltr'>Dionysius</span> <span class='ocrx_word' id='word_1_153' title='bbox 1069 2387 1161 2423; x_wconf 82' lang='lat' dir='ltr'>ante</span> <span class='ocrx_word' id='word_1_154' title='bbox 1202 2384 1333 2424; x_wconf 78' lang='lat' dir='ltr'>oculos</span> <span class='ocrx_word' id='word_1_155' title='bbox 1363 2383 1549 2424; x_wconf 82' lang='lat' dir='ltr'>habuisse</span> 
     </span>
    </p>
   </div>
   <div class='ocr_carea' id='block_1_3' title="bbox 346 2474 1547 2515">
    <p class='ocr_par' dir='ltr' id='par_1_10' title="bbox 346 2474 1547 2515">
     <span class='ocr_line' id='line_1_24' title="bbox 346 2474 1547 2515; baseline -0.001 0"><span class='ocrx_word' id='word_1_156' title='bbox 346 2477 500 2515; x_wconf 85' lang='lat' dir='ltr'>videtur</span> <span class='ocrx_word' id='word_1_157' title='bbox 541 2475 628 2513; x_wconf 89' lang='lat' dir='ltr'>Lib.</span> <span class='ocrx_word' id='word_1_158' title='bbox 670 2474 789 2513; x_wconf 84' lang='lat' dir='ltr'>VIII.</span> <span class='ocrx_word' id='word_1_159' title='bbox 806 2487 852 2512; x_wconf 47' lang='lat'>⁷0.</span> <span class='ocrx_word' id='word_1_160' title='bbox 884 2476 946 2513; x_wconf 85' lang='lat'>50.</span> <span class='ocrx_word' id='word_1_161' title='bbox 981 2474 1049 2513; x_wconf 89' lang='lat' dir='ltr'>ubi</span> <span class='ocrx_word' id='word_1_162' title='bbox 1079 2474 1247 2513; x_wconf 79' lang='lat' dir='ltr'>Veturia</span> <span class='ocrx_word' id='word_1_163' title='bbox 1278 2474 1403 2513; x_wconf 91' lang='lat' dir='ltr'>filium</span> <span class='ocrx_word' id='word_1_164' title='bbox 1432 2488 1547 2514; x_wconf 86' lang='lat' dir='ltr'>suum</span> 
     </span>
    </p>
   </div>
   <div class='ocr_carea' id='block_1_4' title="bbox 348 2566 1545 2619">
    <p class='ocr_par' dir='ltr' id='par_1_11' title="bbox 348 2566 1545 2619">
     <span class='ocr_line' id='line_1_25' title="bbox 348 2566 1545 2619; baseline -0.002 -11"><span class='ocrx_word' id='word_1_165' title='bbox 348 2569 547 2608; x_wconf 80' lang='lat' dir='ltr'>obtestans</span> <span class='ocrx_word' id='word_1_166' title='bbox 588 2571 632 2606; x_wconf 84' lang='lat' dir='ltr'>ut</span> <span class='ocrx_word' id='word_1_167' title='bbox 673 2568 772 2606; x_wconf 85' lang='lat' dir='ltr'>iram</span> <span class='ocrx_word' id='word_1_168' title='bbox 816 2566 1025 2619; x_wconf 68' lang='lat' dir='ltr'>deponeress</span> <span class='ocrx_word' id='word_1_169' title='bbox 1067 2568 1169 2606; x_wconf 79' lang='lat' dir='ltr'>inter</span> <span class='ocrx_word' id='word_1_170' title='bbox 1197 2566 1275 2606; x_wconf 80' lang='lat' dir='ltr'>alia</span> <span class='ocrx_word' id='word_1_171' title='bbox 1302 2566 1400 2606; x_wconf 78' lang='lat' dir='ltr'>haec</span> <span class='ocrx_word' id='word_1_172' title='bbox 1428 2567 1545 2606; x_wconf 82' lang='lat' dir='ltr'>dicit:</span> 
     </span>
    </p>
   </div>
  </div>
 </body>
</html>
