1924 3118
939 444 986 481 19

364 579 568 628 ὁριζομένης
596 580 760 624 πόλεως,
792 573 856 617 καὶ
885 577 965 625 περὶ
995 580 1070 615 τῶν
1100 576 1152 620 εἷς
1181 580 1288 614 τοῦτο
1317 587 1563 617 καταστησα-

365 669 482 716 μένων
527 669 642 713 αὐτὴν
669 670 711 708 τὸ
743 668 895 715 ἀξίωμα
924 666 1114 714 ἡγεμόνων
1142 661 1167 704 ἃ
1195 665 1253 711 τίς
1280 666 1345 705 οὐκ
1373 663 1420 704 ἂν
1449 678 1562 703 σπου-

364 759 495 809 δάσειε,
517 734 576 805 ’μὴ
606 760 755 805 ἀγνοεῖν
782 761 993 808 φιλόσοφος
1020 760 1085 795 καὶ
1114 756 1305 800 πολιτικὸς
1331 755 1420 802 ἀνὴρ
1449 767 1562 800 συγ-

365 850 554 898 γράφω.
596 850 673 888 Pro
715 851 852 889 ultimo
893 849 1082 889 vocabulo
1124 846 1361 897 συγγράφω,
1392 845 1495 897 quod
1523 846 1563 883 in

367 940 494 978 codice
521 940 720 978 Urbinate
742 940 906 990 legitur,
937 938 1196 977 Coislinianus
1224 941 1263 974 et
1292 936 1441 986 Regius
1465 934 1560 972 dant

365 1028 713 1079 ἀποδειχθήσεται,
786 1029 992 1068 Chisianus
1056 1028 1320 1075 δειχθήσεται.
1370 1024 1564 1076 Equidem

368 1123 454 1171 post
483 1120 569 1168 ἀνὴρ
597 1132 753 1158 sensum
781 1119 958 1158 claudere
984 1119 1118 1158 malim
1134 1148 1143 1168 ,
1158 1117 1312 1169 rejectis
1328 1114 1564 1163 ἀποδειχθή-

369 1224 503 1253 σεται,
534 1193 801 1257 δειχέήσεται,
828 1212 1054 1257 συγγράφω.
1079 1208 1196 1247 Unde
1217 1208 1321 1247 enim
1335 1207 1431 1246 haec
1446 1206 1566 1245 verba

369 1304 459 1338 sunt
486 1304 580 1338 nata
594 1301 612 1338 ἓ
641 1299 835 1338 Videntur
862 1300 1011 1338 scribae
1032 1300 1152 1338 totius
1177 1312 1312 1338 sensus
1337 1302 1565 1337 contextum

370 1389 468 1427 nihil
512 1393 692 1428 curantes
726 1392 814 1440 post
851 1387 939 1435 ἀνὴρ
970 1388 1133 1427 verbum
1160 1388 1398 1427 desiderasse
1426 1392 1466 1427 et
1495 1400 1566 1439 pro

371 1479 518 1517 viribus
546 1479 592 1517 de
623 1492 692 1517 suo
716 1492 871 1517 sensum
895 1479 1144 1530 supplevisse.
1162 1478 1422 1516 Infelicissimi
1437 1481 1569 1516 autem

372 1567 529 1606 fuerunt
557 1568 697 1620 quibus
725 1566 1053 1616 ἀποδειχθήσεται
1082 1572 1120 1607 et
1143 1565 1393 1616 δειχθήσεται
1416 1566 1570 1619 placue-

372 1658 451 1695 rint
506 1671 626 1709 quae,
681 1659 713 1696 si
754 1659 848 1710 quid
887 1659 1020 1709 video,
1061 1658 1249 1711 praebent
1290 1671 1446 1697 sensum
1487 1662 1570 1697 tam

373 1746 584 1785 absurdum
612 1748 675 1786 vel
701 1748 830 1799 potius
857 1749 987 1787 omnia
1014 1749 1071 1787 ita
1098 1751 1350 1800 corrumpunt
1379 1751 1423 1786 ut
1452 1747 1570 1786 mirer

376 1838 630 1889 Sylburgium
672 1838 767 1876 haec
809 1839 1002 1889 patienter
1043 1839 1179 1877 tulisse
1219 1851 1340 1889 quum
1378 1841 1568 1876 verteret:

375 1941 543 1979 quarum
572 1941 704 1966 rerum
718 1929 1070 1980 coquoscendarum
1084 1930 1120 1968 εἰ
1133 1930 1221 1980 quis
1235 1930 1360 1980 fuerit
1373 1930 1570 1968 studiosus

375 2019 410 2056 is
451 2018 570 2067 facile
611 2019 766 2068 sapiens
794 2023 829 2057 et
858 2019 911 2057 ad
941 2020 1076 2058 civilia
1104 2020 1256 2071 neyotia
1284 2024 1399 2070 aptus
1426 2020 1570 2059 evadet.

378 2107 513 2146 Scriba
554 2120 645 2146 vero
688 2107 892 2146 Urbinatis
933 2109 1015 2148 sine
1051 2109 1168 2148 dubio
1204 2110 1436 2149 vocabulum
1466 2110 1572 2150 dedit

377 2201 509 2236 nostro
550 2199 633 2236 loeo
675 2199 798 2236 multo
826 2199 955 2250 aptius
984 2203 1023 2237 et
1050 2200 1245 2251 integrum
1274 2212 1470 2239 servarem
1497 2201 1573 2239 nisi

381 2293 468 2342 post
509 2287 639 2335 μέλλω
677 2288 893 2335 διηγεῖσθαι
932 2289 1069 2328 inutile
1105 2294 1144 2329 et
1171 2290 1400 2342 languidum
1425 2290 1575 2330 addita-

380 2384 555 2419 mentum
596 2380 692 2418 mihi
733 2379 895 2431 quidem'
927 2379 1135 2418 videretur.
1179 2379 1283 2424 Quid
1309 2381 1452 2432 plura?
1479 2380 1575 2420 Post

388 2471 477 2517 ἀνὴρ
509 2471 662 2520 signum
691 2471 954 2521 interrogandi
982 2484 1083 2522 pono
1110 2475 1148 2509 et
1178 2472 1307 2509 omnia
1334 2471 1430 2509 mihi
1444 2471 1578 2509 viden-

377 2564 441 2599 tur
469 2572 574 2599 sana.

436 2651 523 2690 Lib.
557 2651 630 2690 VI.
662 2664 693 2690 e.
725 2654 761 2690 4.
792 2651 1022 2691 Latinorum
1044 2652 1165 2691 duces
1180 2651 1395 2691 deliberant
1410 2663 1579 2704 quonam
