1924 3118
988 323 1010 357 4

393 457 497 495 κατὰ
533 456 739 495 θάλατταν
769 456 970 506 δυναστείᾳ
1005 456 1345 504 περιουσιάζουσαν,
1376 456 1474 501 τίνε,ι
1505 452 1598 499 ἦσαν

393 547 424 587 οἱ
464 570 516 576 -
551 546 776 598 ποιήσαντες
805 545 921 590 αὐτὴν
951 545 1039 593 ὑμῖν
1071 546 1243 592 ὑπήκοον.
1276 546 1450 599 Oonjieio
1480 548 1602 600 igitur

397 643 557 692 propter
599 638 893 677 similitudinem
934 639 1142 677 verborum
1181 640 1348 677 alterum
1385 639 1425 676 in
1463 638 1603 677 descri-

396 731 523 771 bendo
561 731 751 770 excidisse
787 734 826 770 et
858 730 1067 782 legendum
1096 744 1179 770 esse
1208 730 1365 778 δύναμίν
1393 746 1436 770 τε
1464 728 1602 774 ὁπόσην

395 822 426 861 οἱ
457 820 682 868 σύμπαντες
713 821 933 865 ἐκτήσαντο.
962 821 1010 860 In
1039 822 1085 860 iis
1114 835 1214 874 quae
1237 823 1370 862 statim
1385 826 1601 875 sequuntur

395 912 546 964 corrigo
588 910 624 949 εἴ
664 925 750 949 τινα
792 912 833 949 in
874 907 1015 955 ἅτινα,
1062 912 1165 964 quod
1201 914 1326 965 magis
1364 927 1452 952 eum
1480 914 1601 952 totius

394 1015 529 1041 sensus
558 1005 747 1040 contextu
776 1002 978 1052 congruit,
1003 1014 1074 1039 nec
1098 979 1356 1041 dubitandum
1371 1005 1465 1055 quin
1480 1017 1601 1056 popu-

394 1095 456 1133 lus
497 1094 772 1133 celeberrimus
814 1094 984 1145 plurima
1025 1095 1198 1133 facinora
1235 1099 1452 1134 memoratu
1483 1095 1601 1146 digna

391 1184 566 1224 ediderit.

448 1275 536 1314 Lib.
566 1274 599 1313 I.
629 1287 661 1314 c.
692 1276 754 1313 32.
786 1276 848 1312 ἐπὶ
876 1279 939 1313 τοῦ
962 1273 1153 1321 μειρακίου
1176 1273 1238 1313 τὸν
1263 1273 1376 1313 τόπον
1406 1274 1596 1321 ἕνομάσαι.

394 1367 638 1419 Praepositio
681 1367 758 1405 ἀπὸ
801 1379 919 1418 quam
959 1366 1028 1404 tali
1065 1366 1106 1403 in
1134 1377 1176 1403 re
1202 1364 1326 1404 Attici
1354 1366 1596 1417 requirerent

391 1457 504 1496 facile
547 1456 704 1508 quidem
747 1457 787 1495 in
831 1457 894 1494 ἐπὶ
938 1456 1046 1495 abire
1084 1455 1236 1507 potuit;
1265 1459 1346 1494 tam
1375 1455 1597 1507 frequenter

389 1551 522 1586 tamen
557 1547 662 1599 apud
688 1550 866 1586 nostrum
895 1547 956 1596 (ut
984 1546 1089 1597 apud
1117 1546 1362 1585 Herodotum
1389 1547 1436 1586 cf.
1468 1544 1501 1585 I.
1535 1548 1595 1585 17.

391 1636 447 1676 ΙΙ.
479 1638 542 1676 57.
574 1638 694 1690 pass.)
723 1637 787 1675 ἐπὶ
819 1650 907 1676 cum
936 1636 1065 1676 verbis
1088 1636 1314 1676 nominandi
1342 1637 1593 1688 conjunctum

389 1728 546 1767 invenio
574 1732 618 1767 ut
646 1728 822 1767 dubitem
851 1727 1030 1767 omnibus
1059 1728 1119 1767 his
1147 1728 1240 1767 locis
1267 1728 1442 1767 codicum
1463 1728 1595 1767 lectio-

388 1832 479 1859 nem
507 1823 672 1858 mutare.

443 1908 531 1946 Lib.
558 1908 591 1946 I.
617 1921 650 1946 c.
675 1910 726 1946 38
760 1912 828 1956 τὴν
852 1907 889 1945 δὲ
916 1906 1043 1956 χώραν
1059 1907 1201 1951 ταύτην
1218 1908 1380 1956 ὁρῶντας
1404 1907 1592 1955 ἔκπλεω

390 2003 513 2042 πάσης
543 1999 718 2046 εὐπορίας
742 2002 806 2036 καὶ
832 2002 1000 2046 χάριτος.
1025 1999 1103 2037 Pro
1118 1997 1264 2037 ἔκπλεω
1280 2012 1424 2052 repono
1438 1998 1593 2045 ἔμπλεω

388 2094 433 2129 ut
462 2102 546 2142 cap.
576 2103 704 2142 praee.
734 2090 826 2128 ἀλλ’
857 2113 909 2119 -
940 2093 1063 2134 πάσης
1092 2089 1217 2135 ἡδονῆς
1244 2104 1287 2128 τε
1317 2090 1380 2129 καὶ
1406 2091 1594 2140 ὠφελείας

392 2178 571 2227 ἔμπλεως
587 2209 598 2224 ,
629 2180 697 2219 ubi
725 2181 844 2220 miror
868 2180 1152 2234 Kiesslingium
1174 2181 1376 2234 vulgatam
1390 2181 1595 2221 lectionem

392 2276 566 2311 mutasse
603 2272 874 2311 substituendo
902 2286 953 2311 ex
981 2273 1063 2311 eod.
1090 2273 1274 2312 Chisiano
1296 2273 1465 2317 ἔκπλεως
1494 2273 1596 2325 quod

388 2363 645 2413 vocabulum,
674 2363 715 2401 ni
743 2363 878 2413 fallor,
908 2367 1055 2402 certam
1080 2363 1209 2403 sedem
1233 2364 1352 2403 habet
1366 2364 1407 2403 in
1421 2365 1593 2404 numeris

389 2453 696 2505 constituendis,
743 2457 787 2492 ut
831 2453 933 2493 Xen.
978 2453 1070 2506 Cyr.
1112 2453 1187 2493 VI,
1223 2467 1255 2493 c.
1302 2456 1362 2494 17.
1393 2455 1424 2493 οἱ
1452 2454 1593 2503 Πέρσαι

390 2544 543 2594 ἔκπλεῳ
572 2543 636 2588 ἤδη
666 2540 760 2588 ἦσαν
788 2544 840 2589 εἷς
866 2543 952 2589 τοὺς
978 2545 1140 2593 μυρίους.
