<?xml version="1.0" encoding="UTF-8"?>
<!DOCTYPE html PUBLIC "-//W3C//DTD XHTML 1.0 Transitional//EN"
    "http://www.w3.org/TR/xhtml1/DTD/xhtml1-transitional.dtd">
<html xmlns="http://www.w3.org/1999/xhtml" xml:lang="en" lang="en">
 <head>
  <title>
</title>
<meta http-equiv="Content-Type" content="text/html;charset=utf-8" />
  <meta name='ocr-system' content='tesseract 3.04.00' />
  <meta name='ocr-capabilities' content='ocr_page ocr_carea ocr_par ocr_line ocrx_word'/>
</head>
<body>
  <div class='ocr_page' id='page_1' title='image "4737901_0076.png"; bbox 0 0 1924 3118; ppageno 0'>
   <div class='ocr_carea' id='block_1_1' title="bbox 944 332 994 370">
    <p class='ocr_par' dir='ltr' id='par_1_1' title="bbox 944 332 994 370">
     <span class='ocr_line' id='line_1_1' title="bbox 944 332 994 370; baseline 0 0"><span class='ocrx_word' id='word_1_1' title='bbox 944 332 994 370; x_wconf 82' lang='lat'><strong>60</strong></span> 
     </span>
    </p>
   </div>
   <div class='ocr_carea' id='block_1_2' title="bbox 366 465 1575 2523">
    <p class='ocr_par' dir='ltr' id='par_1_2' title="bbox 366 465 1574 1247">
     <span class='ocr_line' id='line_1_2' title="bbox 366 465 1567 522; baseline 0.002 -17"><span class='ocrx_word' id='word_1_2' title='bbox 366 471 610 516; x_wconf 82' lang='grc' dir='ltr'><em>παρανομεῖν.</em></span> <span class='ocrx_word' id='word_1_3' title='bbox 654 468 749 509; x_wconf 84' lang='lat' dir='ltr'><strong>Post</strong></span> <span class='ocrx_word' id='word_1_4' title='bbox 789 465 904 518; x_wconf 80' lang='grc' dir='ltr'><em>φύσιν</em></span> <span class='ocrx_word' id='word_1_5' title='bbox 933 469 1133 522; x_wconf 84' lang='lat' dir='ltr'><strong>Kiessling</strong></span> <span class='ocrx_word' id='word_1_6' title='bbox 1159 469 1408 510; x_wconf 80' lang='lat' dir='ltr'><strong>inserendum</strong></span> <span class='ocrx_word' id='word_1_7' title='bbox 1436 472 1567 508; x_wconf 85' lang='lat' dir='ltr'><strong>censet</strong></span> 
     </span>
     <span class='ocr_line' id='line_1_3' title="bbox 366 558 1568 613; baseline 0.002 -17"><span class='ocrx_word' id='word_1_8' title='bbox 366 558 475 609; x_wconf 66' lang='grc' dir='ltr'><em>πρὸς,</em></span> <span class='ocrx_word' id='word_1_9' title='bbox 521 572 622 611; x_wconf 81' lang='lat' dir='ltr'><strong>quac</strong></span> <span class='ocrx_word' id='word_1_10' title='bbox 663 563 794 599; x_wconf 87' lang='lat' dir='ltr'><strong>tamen</strong></span> <span class='ocrx_word' id='word_1_11' title='bbox 832 562 1064 613; x_wconf 80' lang='lat' dir='ltr'>praepositio</span> <span class='ocrx_word' id='word_1_12' title='bbox 1102 574 1191 600; x_wconf 91' lang='lat' dir='ltr'><strong>cum</strong></span> <span class='ocrx_word' id='word_1_13' title='bbox 1231 563 1460 608; x_wconf 75' lang='grc' dir='ltr'><em>παρανομεῖν</em></span> <span class='ocrx_word' id='word_1_14' title='bbox 1490 572 1568 598; x_wconf 85' lang='lat' dir='ltr'><strong>non</strong></span> 
     </span>
     <span class='ocr_line' id='line_1_4' title="bbox 368 650 1570 704; baseline 0 -15"><span class='ocrx_word' id='word_1_15' title='bbox 368 650 465 689; x_wconf 86' lang='lat' dir='ltr'><strong>solet</strong></span> <span class='ocrx_word' id='word_1_16' title='bbox 502 651 712 702; x_wconf 77' lang='lat' dir='ltr'><strong>conjungi3</strong></span> <span class='ocrx_word' id='word_1_17' title='bbox 749 652 873 691; x_wconf 87' lang='lat' dir='ltr'><strong>multo</strong></span> <span class='ocrx_word' id='word_1_18' title='bbox 910 653 1093 692; x_wconf 81' lang='lat' dir='ltr'><strong>usitatius</strong></span> <span class='ocrx_word' id='word_1_19' title='bbox 1131 656 1190 691; x_wconf 85' lang='lat' dir='ltr'><strong>est</strong></span> <span class='ocrx_word' id='word_1_20' title='bbox 1219 654 1262 690; x_wconf 74' lang='lat' dir='ltr'><strong>e?</strong></span> <span class='ocrx_word' id='word_1_21' title='bbox 1272 666 1289 695; x_wconf 83' lang='grc' dir='ltr'><em>ς</em></span> <span class='ocrx_word' id='word_1_22' title='bbox 1323 652 1371 691; x_wconf 86' lang='lat' dir='ltr'><strong>cf.</strong></span> <span class='ocrx_word' id='word_1_23' title='bbox 1402 651 1490 704; x_wconf 77' lang='lat' dir='ltr'><strong>Lib.</strong></span> <span class='ocrx_word' id='word_1_24' title='bbox 1518 650 1570 689; x_wconf 89' lang='lat' dir='ltr'><strong>X.</strong></span> 
     </span>
     <span class='ocr_line' id='line_1_5' title="bbox 369 737 1571 791; baseline -0.001 -13"><span class='ocrx_word' id='word_1_25' title='bbox 369 753 400 778; x_wconf 92' lang='lat' dir='ltr'><strong>c.</strong></span> <span class='ocrx_word' id='word_1_26' title='bbox 432 741 494 779; x_wconf 88' lang='lat'><strong>35.</strong></span> <span class='ocrx_word' id='word_1_27' title='bbox 525 763 576 768; x_wconf 89' lang='lat'><strong>——</strong></span> <span class='ocrx_word' id='word_1_28' title='bbox 604 743 752 778; x_wconf 80' lang='grc' dir='ltr'><em>πάντων</em></span> <span class='ocrx_word' id='word_1_29' title='bbox 780 763 831 770; x_wconf 88' lang='lat'><strong>——</strong></span> <span class='ocrx_word' id='word_1_30' title='bbox 856 738 902 779; x_wconf 83' lang='grc' dir='ltr'><strong>ὧν</strong></span> <span class='ocrx_word' id='word_1_31' title='bbox 926 740 1001 791; x_wconf 72' lang='grc' dir='ltr'><strong>ἰδία</strong></span> <span class='ocrx_word' id='word_1_32' title='bbox 1025 740 1120 783; x_wconf 76' lang='grc' dir='ltr'><em>τινὲς</em></span> <span class='ocrx_word' id='word_1_33' title='bbox 1147 740 1215 786; x_wconf 80' lang='grc' dir='ltr'><strong>εἷς</strong></span> <span class='ocrx_word' id='word_1_34' title='bbox 1243 739 1330 785; x_wconf 79' lang='grc' dir='ltr'><em>τοὺς</em></span> <span class='ocrx_word' id='word_1_35' title='bbox 1354 737 1571 788; x_wconf 73' lang='grc' dir='ltr'><em>δημάρχους</em></span> 
     </span>
     <span class='ocr_line' id='line_1_6' title="bbox 368 830 1573 878; baseline 0.001 -11"><span class='ocrx_word' id='word_1_36' title='bbox 368 830 636 878; x_wconf 76' lang='grc' dir='ltr'><em>παρηνόμησαν</em></span> <span class='ocrx_word' id='word_1_37' title='bbox 678 836 717 870; x_wconf 84' lang='lat' dir='ltr'><strong>et</strong></span> <span class='ocrx_word' id='word_1_38' title='bbox 759 832 847 871; x_wconf 87' lang='lat' dir='ltr'><strong>Lib.</strong></span> <span class='ocrx_word' id='word_1_39' title='bbox 892 832 967 871; x_wconf 88' lang='lat' dir='ltr'><strong>XI.</strong></span> <span class='ocrx_word' id='word_1_40' title='bbox 1011 846 1043 871; x_wconf 91' lang='lat' dir='ltr'><strong>c.</strong></span> <span class='ocrx_word' id='word_1_41' title='bbox 1074 836 1110 871; x_wconf 87' lang='grc'><strong>2.</strong></span> <span class='ocrx_word' id='word_1_42' title='bbox 1141 832 1249 870; x_wconf 75' lang='grc' dir='ltr'><strong><em>ἀλλὰ</em></strong></span> <span class='ocrx_word' id='word_1_43' title='bbox 1277 835 1343 870; x_wconf 79' lang='grc' dir='ltr'><strong>καὶ</strong></span> <span class='ocrx_word' id='word_1_44' title='bbox 1381 832 1451 875; x_wconf 83' lang='grc' dir='ltr'><strong>εἷς</strong></span> <span class='ocrx_word' id='word_1_45' title='bbox 1487 830 1573 874; x_wconf 82' lang='grc' dir='ltr'><em>τοὺ,-</em></span> 
     </span>
     <span class='ocr_line' id='line_1_7' title="bbox 368 922 1573 975; baseline 0.002 -14"><span class='ocrx_word' id='word_1_46' title='bbox 368 922 552 970; x_wconf 70' lang='grc' dir='ltr'><em>γαμετοὶς</em></span> <span class='ocrx_word' id='word_1_47' title='bbox 591 923 718 963; x_wconf 82' lang='grc' dir='ltr'><em>αὐτῶν</em></span> <span class='ocrx_word' id='word_1_48' title='bbox 748 922 820 970; x_wconf 65' lang='grc' dir='ltr'><strong>τὶς</strong></span> <span class='ocrx_word' id='word_1_49' title='bbox 847 923 1057 975; x_wconf 80' lang='grc' dir='ltr'><em>εὐμόρφου,-</em></span> <span class='ocrx_word' id='word_1_50' title='bbox 1085 927 1332 974; x_wconf 88' lang='grc' dir='ltr'><em>παρηνόμουν.</em></span> <span class='ocrx_word' id='word_1_51' title='bbox 1361 924 1573 965; x_wconf 84' lang='lat' dir='ltr'><strong>Praeterea</strong></span> 
     </span>
     <span class='ocr_line' id='line_1_8' title="bbox 369 1016 1574 1070; baseline 0 -16"><span class='ocrx_word' id='word_1_52' title='bbox 369 1018 453 1056; x_wconf 88' lang='lat' dir='ltr'><strong>EIC</strong></span> <span class='ocrx_word' id='word_1_53' title='bbox 481 1020 568 1069; x_wconf 89' lang='lat' dir='ltr'><strong>post</strong></span> <span class='ocrx_word' id='word_1_54' title='bbox 595 1018 739 1065; x_wconf 81' lang='grc' dir='ltr'>φυΟΙΝ</span> <span class='ocrx_word' id='word_1_55' title='bbox 771 1016 894 1056; x_wconf 92' lang='lat' dir='ltr'><strong>multo</strong></span> <span class='ocrx_word' id='word_1_56' title='bbox 922 1017 1072 1056; x_wconf 82' lang='lat' dir='ltr'><strong>facilius</strong></span> <span class='ocrx_word' id='word_1_57' title='bbox 1101 1017 1280 1057; x_wconf 82' lang='lat' dir='ltr'><strong>excidere</strong></span> <span class='ocrx_word' id='word_1_58' title='bbox 1303 1016 1430 1070; x_wconf 90' lang='lat' dir='ltr'><strong>potuit</strong></span> <span class='ocrx_word' id='word_1_59' title='bbox 1456 1027 1574 1068; x_wconf 92' lang='lat' dir='ltr'><strong>quam</strong></span> 
     </span>
     <span class='ocr_line' id='line_1_9' title="bbox 373 1107 1572 1159; baseline -0.002 -16"><span class='ocrx_word' id='word_1_60' title='bbox 373 1111 520 1146; x_wconf 84' lang='lat' dir='ltr'><strong>nPOC.</strong></span> <span class='ocrx_word' id='word_1_61' title='bbox 563 1107 653 1145; x_wconf 89' lang='lat' dir='ltr'><strong>Non</strong></span> <span class='ocrx_word' id='word_1_62' title='bbox 694 1108 815 1158; x_wconf 86' lang='lat' dir='ltr'><strong>igitur</strong></span> <span class='ocrx_word' id='word_1_63' title='bbox 856 1108 991 1146; x_wconf 87' lang='lat' dir='ltr'><strong>dubito</strong></span> <span class='ocrx_word' id='word_1_64' title='bbox 1029 1110 1124 1159; x_wconf 90' lang='lat' dir='ltr'><strong>quin</strong></span> <span class='ocrx_word' id='word_1_65' title='bbox 1164 1108 1373 1159; x_wconf 86' lang='lat' dir='ltr'><strong>legendum</strong></span> <span class='ocrx_word' id='word_1_66' title='bbox 1414 1108 1464 1145; x_wconf 87' lang='lat' dir='ltr'><strong>sit</strong></span> <span class='ocrx_word' id='word_1_67' title='bbox 1500 1108 1544 1143; x_wconf 75' lang='grc' dir='ltr'><strong>εἴ</strong></span> <span class='ocrx_word' id='word_1_68' title='bbox 1554 1122 1572 1149; x_wconf 83' lang='grc' dir='ltr'><strong><em>ς</em></strong></span> 
     </span>
     <span class='ocr_line' id='line_1_10' title="bbox 369 1198 835 1247; baseline 0 -10"><span class='ocrx_word' id='word_1_69' title='bbox 369 1198 561 1244; x_wconf 68' lang='grc' dir='ltr'><strong>ἀλλήλους</strong></span> <span class='ocrx_word' id='word_1_70' title='bbox 590 1202 835 1247; x_wconf 73' lang='grc' dir='ltr'><em>παρανομεῖν.</em></span> 
     </span>
    </p>

    <p class='ocr_par' dir='ltr' id='par_1_3' title="bbox 367 1289 1575 2154">
     <span class='ocr_line' id='line_1_11' title="bbox 423 1289 1573 1342; baseline -0.002 -14"><span class='ocrx_word' id='word_1_71' title='bbox 423 1290 510 1329; x_wconf 90' lang='lat' dir='ltr'><strong>Lib.</strong></span> <span class='ocrx_word' id='word_1_72' title='bbox 539 1290 655 1329; x_wconf 88' lang='lat' dir='ltr'><strong>XIV.</strong></span> <span class='ocrx_word' id='word_1_73' title='bbox 685 1303 768 1342; x_wconf 87' lang='lat' dir='ltr'><strong>cap.</strong></span> <span class='ocrx_word' id='word_1_74' title='bbox 805 1291 865 1329; x_wconf 87' lang='lat'><strong>16.</strong></span> <span class='ocrx_word' id='word_1_75' title='bbox 895 1290 1056 1341; x_wconf 86' lang='lat' dir='ltr'><strong>(Kiessl.</strong></span> <span class='ocrx_word' id='word_1_76' title='bbox 1087 1290 1161 1329; x_wconf 87' lang='lat' dir='ltr'><strong>IV.</strong></span> <span class='ocrx_word' id='word_1_77' title='bbox 1191 1303 1228 1342; x_wconf 88' lang='lat' dir='ltr'><strong>p.</strong></span> <span class='ocrx_word' id='word_1_78' title='bbox 1260 1290 1368 1340; x_wconf 88' lang='grc'>204.)</span> <span class='ocrx_word' id='word_1_79' title='bbox 1385 1289 1573 1341; x_wconf 86' lang='lat' dir='ltr'><strong>scriptum</strong></span> 
     </span>
     <span class='ocr_line' id='line_1_12' title="bbox 372 1378 1572 1429; baseline -0.002 -9"><span class='ocrx_word' id='word_1_80' title='bbox 372 1385 455 1421; x_wconf 81' lang='lat' dir='ltr'><strong>est:</strong></span> <span class='ocrx_word' id='word_1_81' title='bbox 499 1379 682 1428; x_wconf 67' lang='grc' dir='ltr'><em>μακάριον</em></span> <span class='ocrx_word' id='word_1_82' title='bbox 724 1380 793 1427; x_wconf 83' lang='grc' dir='ltr'><strong>μὲν</strong></span> <span class='ocrx_word' id='word_1_83' title='bbox 828 1378 1025 1427; x_wconf 77' lang='grc' dir='ltr'><em>ἕξοντες</em></span> <span class='ocrx_word' id='word_1_84' title='bbox 1054 1381 1117 1419; x_wconf 81' lang='grc' dir='ltr'><strong>τὸν</strong></span> <span class='ocrx_word' id='word_1_85' title='bbox 1145 1380 1220 1419; x_wconf 73' lang='grc' dir='ltr'><strong>ἀπὸ</strong></span> <span class='ocrx_word' id='word_1_86' title='bbox 1249 1380 1354 1419; x_wconf 78' lang='grc' dir='ltr'><em>τοῦδε</em></span> <span class='ocrx_word' id='word_1_87' title='bbox 1383 1380 1572 1429; x_wconf 85' lang='grc' dir='ltr'><em>χρόνον,</em></span> 
     </span>
     <span class='ocr_line' id='line_1_13' title="bbox 370 1468 1575 1523; baseline 0.001 -14"><span class='ocrx_word' id='word_1_88' title='bbox 370 1468 422 1516; x_wconf 83' lang='grc' dir='ltr'><em>οἷ,-</em></span> <span class='ocrx_word' id='word_1_89' title='bbox 450 1470 497 1510; x_wconf 62' lang='lat' dir='ltr'><strong>ew</strong></span> <span class='ocrx_word' id='word_1_90' title='bbox 527 1470 733 1518; x_wconf 77' lang='grc' dir='ltr'><em>ἐγγένηται</em></span> <span class='ocrx_word' id='word_1_91' title='bbox 763 1471 826 1510; x_wconf 80' lang='grc' dir='ltr'><strong>τὸν</strong></span> <span class='ocrx_word' id='word_1_92' title='bbox 853 1470 1159 1521; x_wconf 76' lang='grc' dir='ltr'><em>ἐπιφανέστατον</em></span> <span class='ocrx_word' id='word_1_93' title='bbox 1183 1477 1229 1523; x_wconf 81' lang='grc' dir='ltr'><strong>τῇ</strong></span> <span class='ocrx_word' id='word_1_94' title='bbox 1252 1471 1402 1520; x_wconf 77' lang='grc' dir='ltr'><em>πατρίδι</em></span> <span class='ocrx_word' id='word_1_95' title='bbox 1426 1471 1575 1521; x_wconf 81' lang='grc' dir='ltr'><em>στέφα-</em></span> 
     </span>
     <span class='ocr_line' id='line_1_14' title="bbox 372 1560 1575 1611; baseline 0.001 -11"><span class='ocrx_word' id='word_1_96' title='bbox 372 1576 427 1601; x_wconf 91' lang='grc' dir='ltr'><strong>νον</strong></span> <span class='ocrx_word' id='word_1_97' title='bbox 455 1565 718 1609; x_wconf 72' lang='grc' dir='ltr'><strong>καταγαγεῖν,</strong></span> <span class='ocrx_word' id='word_1_98' title='bbox 753 1566 875 1611; x_wconf 81' lang='grc' dir='ltr'><em>καλὴν</em></span> <span class='ocrx_word' id='word_1_99' title='bbox 904 1562 941 1602; x_wconf 79' lang='grc' dir='ltr'><strong>δὲ</strong></span> <span class='ocrx_word' id='word_1_100' title='bbox 964 1564 1028 1601; x_wconf 75' lang='grc' dir='ltr'><strong>καὶ</strong></span> <span class='ocrx_word' id='word_1_101' title='bbox 1052 1560 1248 1602; x_wconf 65' lang='grc' dir='ltr'><em>ἀθάνατον</em></span> <span class='ocrx_word' id='word_1_102' title='bbox 1264 1561 1437 1601; x_wconf 80' lang='grc' dir='ltr'><strong>εὔκλειαν</strong></span> <span class='ocrx_word' id='word_1_103' title='bbox 1452 1576 1575 1601; x_wconf 80' lang='grc' dir='ltr'><em>κατα-</em></span> 
     </span>
     <span class='ocr_line' id='line_1_15' title="bbox 370 1651 1569 1703; baseline 0.003 -13"><span class='ocrx_word' id='word_1_104' title='bbox 370 1653 568 1700; x_wconf 70' lang='grc' dir='ltr'><em>λείψοντες</em></span> <span class='ocrx_word' id='word_1_105' title='bbox 609 1676 660 1681; x_wconf 92' lang='grc'>-</span> <span class='ocrx_word' id='word_1_106' title='bbox 702 1653 733 1692; x_wconf 84' lang='grc' dir='ltr'><strong>οἱ</strong></span> <span class='ocrx_word' id='word_1_107' title='bbox 776 1655 919 1698; x_wconf 64' lang='grc' dir='ltr'><em>ταύτην</em></span> <span class='ocrx_word' id='word_1_108' title='bbox 961 1651 1259 1702; x_wconf 70' lang='grc' dir='ltr'><em>ἐκπληρώσαντες</em></span> <span class='ocrx_word' id='word_1_109' title='bbox 1295 1657 1363 1703; x_wconf 73' lang='grc' dir='ltr'><strong>τὴν</strong></span> <span class='ocrx_word' id='word_1_110' title='bbox 1391 1658 1455 1693; x_wconf 85' lang='grc' dir='ltr'><strong>τοῦ</strong></span> <span class='ocrx_word' id='word_1_111' title='bbox 1483 1653 1569 1701; x_wconf 83' lang='grc' dir='ltr'><em>βίου</em></span> 
     </span>
     <span class='ocr_line' id='line_1_16' title="bbox 369 1745 1573 1798; baseline 0.002 -16"><span class='ocrx_word' id='word_1_112' title='bbox 369 1745 564 1788; x_wconf 77' lang='grc' dir='ltr'><em>τελευτήν.</em></span> <span class='ocrx_word' id='word_1_113' title='bbox 594 1745 826 1797; x_wconf 83' lang='lat' dir='ltr'><strong>Suspectum</strong></span> <span class='ocrx_word' id='word_1_114' title='bbox 852 1746 949 1785; x_wconf 91' lang='lat' dir='ltr'><strong>mihi</strong></span> <span class='ocrx_word' id='word_1_115' title='bbox 976 1746 1133 1797; x_wconf 89' lang='lat' dir='ltr'><strong>quidem</strong></span> <span class='ocrx_word' id='word_1_116' title='bbox 1159 1746 1314 1785; x_wconf 88' lang='lat' dir='ltr'><strong>videtur</strong></span> <span class='ocrx_word' id='word_1_117' title='bbox 1342 1745 1472 1793; x_wconf 83' lang='grc' dir='ltr'><em>χρόνον</em></span> <span class='ocrx_word' id='word_1_118' title='bbox 1502 1759 1573 1798; x_wconf 86' lang='lat' dir='ltr'><strong>pro</strong></span> 
     </span>
     <span class='ocr_line' id='line_1_17' title="bbox 369 1837 1574 1889; baseline 0 -14"><span class='ocrx_word' id='word_1_119' title='bbox 369 1850 445 1888; x_wconf 93' lang='lat' dir='ltr'><strong>quo</strong></span> <span class='ocrx_word' id='word_1_120' title='bbox 486 1841 755 1888; x_wconf 81' lang='lat' dir='ltr'><strong>exspectarem</strong></span> <span class='ocrx_word' id='word_1_121' title='bbox 795 1837 904 1887; x_wconf 83' lang='grc' dir='ltr'><em>βίον,</em></span> <span class='ocrx_word' id='word_1_122' title='bbox 949 1850 1143 1889; x_wconf 84' lang='lat' dir='ltr'><strong>nusquam</strong></span> <span class='ocrx_word' id='word_1_123' title='bbox 1178 1838 1283 1876; x_wconf 88' lang='lat' dir='ltr'><strong>enim</strong></span> <span class='ocrx_word' id='word_1_124' title='bbox 1318 1837 1439 1887; x_wconf 89' lang='lat' dir='ltr'><strong>alibi,</strong></span> <span class='ocrx_word' id='word_1_125' title='bbox 1470 1838 1574 1888; x_wconf 89' lang='lat' dir='ltr'><strong>quod</strong></span> 
     </span>
     <span class='ocr_line' id='line_1_18' title="bbox 367 1924 1570 1979; baseline -0.001 -14"><span class='ocrx_word' id='word_1_126' title='bbox 367 1927 486 1965; x_wconf 87' lang='lat' dir='ltr'><strong>sciam</strong></span> <span class='ocrx_word' id='word_1_127' title='bbox 503 1956 513 1976; x_wconf 86' lang='lat'>‚</span> <span class='ocrx_word' id='word_1_128' title='bbox 542 1928 708 1966; x_wconf 88' lang='lat' dir='ltr'><strong>occurrit</strong></span> <span class='ocrx_word' id='word_1_129' title='bbox 736 1924 838 1975; x_wconf 80' lang='grc' dir='ltr'><em>ἔχειν</em></span> <span class='ocrx_word' id='word_1_130' title='bbox 868 1928 998 1975; x_wconf 81' lang='grc' dir='ltr'><em>χρόνον</em></span> <span class='ocrx_word' id='word_1_131' title='bbox 1029 1940 1145 1966; x_wconf 89' lang='lat' dir='ltr'><strong>sensu</strong></span> <span class='ocrx_word' id='word_1_132' title='bbox 1168 1928 1288 1966; x_wconf 81' lang='lat' dir='ltr'><strong>vitam</strong></span> <span class='ocrx_word' id='word_1_133' title='bbox 1316 1940 1460 1979; x_wconf 75' lang='lat' dir='ltr'><strong>aqere‚·</strong></span> <span class='ocrx_word' id='word_1_134' title='bbox 1487 1926 1570 1973; x_wconf 80' lang='grc' dir='ltr'><em>βίον</em></span> 
     </span>
     <span class='ocr_line' id='line_1_19' title="bbox 367 2016 1571 2071; baseline 0 -15"><span class='ocrx_word' id='word_1_135' title='bbox 367 2020 502 2056; x_wconf 88' lang='lat' dir='ltr'><strong>contra</strong></span> <span class='ocrx_word' id='word_1_136' title='bbox 543 2030 632 2057; x_wconf 89' lang='lat' dir='ltr'><strong>cum</strong></span> <span class='ocrx_word' id='word_1_137' title='bbox 673 2016 775 2066; x_wconf 79' lang='grc' dir='ltr'><em>ἔχειν</em></span> <span class='ocrx_word' id='word_1_138' title='bbox 816 2018 1066 2069; x_wconf 87' lang='lat' dir='ltr'><strong>conjunctum</strong></span> <span class='ocrx_word' id='word_1_139' title='bbox 1095 2018 1248 2071; x_wconf 83' lang='lat' dir='ltr'><strong>saepius</strong></span> <span class='ocrx_word' id='word_1_140' title='bbox 1271 2017 1470 2057; x_wconf 88' lang='lat' dir='ltr'><strong>invenitur</strong></span> <span class='ocrx_word' id='word_1_141' title='bbox 1498 2030 1571 2056; x_wconf 85' lang='lat' dir='ltr'><strong>v.c.</strong></span> 
     </span>
     <span class='ocr_line' id='line_1_20' title="bbox 369 2107 1568 2154; baseline -0.002 -7"><span class='ocrx_word' id='word_1_142' title='bbox 369 2110 456 2147; x_wconf 92' lang='lat' dir='ltr'><strong>Lib.</strong></span> <span class='ocrx_word' id='word_1_143' title='bbox 499 2109 574 2147; x_wconf 90' lang='lat' dir='ltr'><strong>XI.</strong></span> <span class='ocrx_word' id='word_1_144' title='bbox 615 2122 646 2147; x_wconf 88' lang='lat' dir='ltr'><strong>c.</strong></span> <span class='ocrx_word' id='word_1_145' title='bbox 692 2111 729 2147; x_wconf 88' lang='grc'><strong>9.</strong></span> <span class='ocrx_word' id='word_1_146' title='bbox 760 2108 867 2146; x_wconf 67' lang='grc' dir='ltr'><strong><em>ἀλλὰ</em></strong></span> <span class='ocrx_word' id='word_1_147' title='bbox 895 2107 958 2146; x_wconf 78' lang='grc' dir='ltr'><strong>καὶ</strong></span> <span class='ocrx_word' id='word_1_148' title='bbox 988 2110 1128 2146; x_wconf 68' lang='grc' dir='ltr'><em>τούτων</em></span> <span class='ocrx_word' id='word_1_149' title='bbox 1155 2109 1186 2147; x_wconf 85' lang='grc' dir='ltr'><strong>οἱ</strong></span> <span class='ocrx_word' id='word_1_150' title='bbox 1218 2108 1369 2152; x_wconf 64' lang='grc' dir='ltr'><strong>πλείους</strong></span> <span class='ocrx_word' id='word_1_151' title='bbox 1396 2109 1459 2147; x_wconf 84' lang='grc' dir='ltr'><strong>τὸν</strong></span> <span class='ocrx_word' id='word_1_152' title='bbox 1486 2107 1568 2154; x_wconf 83' lang='grc' dir='ltr'><em>βίον</em></span> 
     </span>
    </p>

    <p class='ocr_par' dir='ltr' id='par_1_4' title="bbox 367 2198 1572 2432">
     <span class='ocr_line' id='line_1_21' title="bbox 368 2198 1571 2262; baseline 0.001 -25"><span class='ocrx_word' id='word_1_153' title='bbox 368 2198 517 2248; x_wconf 80' lang='grc' dir='ltr'><em>ἔχουσιν</em></span> <span class='ocrx_word' id='word_1_154' title='bbox 560 2200 609 2262; x_wconf 39' lang='grc' dir='ltr'><strong>ἐν.</strong></span> <span class='ocrx_word' id='word_1_155' title='bbox 640 2201 717 2244; x_wconf 70' lang='grc' dir='ltr'><em>τοῖς</em></span> <span class='ocrx_word' id='word_1_156' title='bbox 756 2201 899 2247; x_wconf 75' lang='grc' dir='ltr'><em>ἀγροῖς.</em></span> <span class='ocrx_word' id='word_1_157' title='bbox 943 2199 1021 2238; x_wconf 81' lang='lat' dir='ltr'><strong>Sed</strong></span> <span class='ocrx_word' id='word_1_158' title='bbox 1061 2199 1160 2238; x_wconf 89' lang='lat' dir='ltr'><strong>nihil</strong></span> <span class='ocrx_word' id='word_1_159' title='bbox 1187 2203 1321 2249; x_wconf 90' lang='lat' dir='ltr'><strong>mut0;</strong></span> <span class='ocrx_word' id='word_1_160' title='bbox 1351 2199 1438 2238; x_wconf 89' lang='lat' dir='ltr'><strong>fieri</strong></span> <span class='ocrx_word' id='word_1_161' title='bbox 1467 2199 1571 2238; x_wconf 90' lang='lat' dir='ltr'><strong>enim</strong></span> 
     </span>
     <span class='ocr_line' id='line_1_22' title="bbox 367 2289 1572 2341; baseline -0.001 -13"><span class='ocrx_word' id='word_1_162' title='bbox 367 2290 494 2341; x_wconf 84' lang='lat' dir='ltr'><strong>potuit</strong></span> <span class='ocrx_word' id='word_1_163' title='bbox 535 2293 579 2328; x_wconf 87' lang='lat' dir='ltr'><strong>ut</strong></span> <span class='ocrx_word' id='word_1_164' title='bbox 619 2290 825 2328; x_wconf 87' lang='lat' dir='ltr'><strong>lectionem</strong></span> <span class='ocrx_word' id='word_1_165' title='bbox 855 2302 879 2328; x_wconf 86' lang='lat' dir='ltr'><strong>a</strong></span> <span class='ocrx_word' id='word_1_166' title='bbox 907 2289 1102 2328; x_wconf 89' lang='lat' dir='ltr'><strong>codicibus</strong></span> <span class='ocrx_word' id='word_1_167' title='bbox 1132 2289 1350 2328; x_wconf 83' lang='lat' dir='ltr'><strong>exhibitam</strong></span> <span class='ocrx_word' id='word_1_168' title='bbox 1379 2289 1453 2341; x_wconf 85' lang='lat' dir='ltr'><strong>ipsi</strong></span> <span class='ocrx_word' id='word_1_169' title='bbox 1482 2301 1572 2328; x_wconf 83' lang='lat' dir='ltr'><strong>auc-</strong></span> 
     </span>
     <span class='ocr_line' id='line_1_23' title="bbox 369 2381 675 2432; baseline 0 -13"><span class='ocrx_word' id='word_1_170' title='bbox 369 2381 444 2419; x_wconf 86' lang='lat' dir='ltr'><strong>tori</strong></span> <span class='ocrx_word' id='word_1_171' title='bbox 473 2381 675 2432; x_wconf 86' lang='lat' dir='ltr'><strong>placuerit.</strong></span> 
     </span>
    </p>

    <p class='ocr_par' dir='ltr' id='par_1_5' title="bbox 421 2469 1572 2523">
     <span class='ocr_line' id='line_1_24' title="bbox 421 2469 1572 2523; baseline -0.002 -13"><span class='ocrx_word' id='word_1_172' title='bbox 421 2471 509 2510; x_wconf 87' lang='lat' dir='ltr'><strong>Lib.</strong></span> <span class='ocrx_word' id='word_1_173' title='bbox 540 2470 633 2510; x_wconf 88' lang='lat' dir='ltr'><strong>XV.</strong></span> <span class='ocrx_word' id='word_1_174' title='bbox 661 2484 692 2511; x_wconf 87' lang='lat' dir='ltr'><strong>c.</strong></span> <span class='ocrx_word' id='word_1_175' title='bbox 723 2473 761 2511; x_wconf 90' lang='grc'><strong>2.</strong></span> <span class='ocrx_word' id='word_1_176' title='bbox 789 2470 949 2522; x_wconf 84' lang='lat' dir='ltr'><strong>(Kiessl.</strong></span> <span class='ocrx_word' id='word_1_177' title='bbox 980 2470 1053 2510; x_wconf 91' lang='lat' dir='ltr'><strong>IV.</strong></span> <span class='ocrx_word' id='word_1_178' title='bbox 1086 2484 1124 2523; x_wconf 89' lang='lat' dir='ltr'><strong>p.</strong></span> <span class='ocrx_word' id='word_1_179' title='bbox 1155 2472 1265 2522; x_wconf 88' lang='grc'><em>208.)</em></span> <span class='ocrx_word' id='word_1_180' title='bbox 1294 2470 1310 2509; x_wconf 84' lang='grc' dir='ltr'><strong><em>ὁ</em></strong></span> <span class='ocrx_word' id='word_1_181' title='bbox 1334 2469 1404 2518; x_wconf 81' lang='grc' dir='ltr'><strong>μὲν</strong></span> <span class='ocrx_word' id='word_1_182' title='bbox 1428 2469 1572 2514; x_wconf 70' lang='grc' dir='ltr'><strong>Κελτὸς</strong></span> 
     </span>
    </p>
   </div>
   <div class='ocr_carea' id='block_1_3' title="bbox 367 2560 1572 2611">
    <p class='ocr_par' dir='ltr' id='par_1_6' title="bbox 367 2560 1572 2611">
     <span class='ocr_line' id='line_1_25' title="bbox 367 2560 1572 2611; baseline 0.001 -12"><span class='ocrx_word' id='word_1_183' title='bbox 367 2560 486 2610; x_wconf 78' lang='grc' dir='ltr'><em>Φέρων</em></span> <span class='ocrx_word' id='word_1_184' title='bbox 534 2561 595 2601; x_wconf 72' lang='grc' dir='ltr'><strong>ἐπὶ</strong></span> <span class='ocrx_word' id='word_1_185' title='bbox 638 2562 700 2602; x_wconf 82' lang='grc' dir='ltr'><strong>τὸν</strong></span> <span class='ocrx_word' id='word_1_186' title='bbox 746 2560 950 2610; x_wconf 75' lang='grc' dir='ltr'><em>Οὐαλέριον</em></span> <span class='ocrx_word' id='word_1_187' title='bbox 988 2565 1055 2611; x_wconf 75' lang='grc' dir='ltr'><strong>τὴν</strong></span> <span class='ocrx_word' id='word_1_188' title='bbox 1096 2561 1296 2611; x_wconf 56' lang='grc' dir='ltr'><strong>μάχαιραν</strong></span> <span class='ocrx_word' id='word_1_189' title='bbox 1326 2562 1372 2607; x_wconf 73' lang='grc' dir='ltr'><strong>ὡς</strong></span> <span class='ocrx_word' id='word_1_190' title='bbox 1413 2561 1473 2600; x_wconf 69' lang='grc' dir='ltr'><strong>διὰ</strong></span> <span class='ocrx_word' id='word_1_191' title='bbox 1504 2566 1572 2609; x_wconf 82' lang='grc' dir='ltr'><em>τῆ,-</em></span> 
     </span>
    </p>
   </div>
  </div>
 </body>
</html>
